% Encoding: UTF-8

@article{abubakar:2020,
  author  = {Mohd Zamri {Abu Bakar} and Saridan {Abu Bakar}},
  doi     = {10.6007/IJARBSS/v10-i6/7260},
  journal = {International Journal of Academic Research in Business \& Social Sciences},
  number  = {6},
  pages   = {55--62},
  title   = {Parental financial socialisation: Pathways to positive financial behaviour},
  volume  = {10},
  year    = {2020},
  url     = {http://hrmars.com/hrmars_papers/Parental_Financial_Socialisation_Pathways_to_Positive_Financial_Behaviour.pdf},
  file    = {Parental financial socialisation\: Pathways to positive financial behaviour:Abu Bakar & Abu Bakar (2020).pdf:PDF}
}

@article{agarwal:2015,
  author  = {Sumit Agarwal and Gene Amromin and Itzhak {Ben-David} and Souphala Chomsisengphet and Douglas D. Evanoff},
  doi     = {10.1016/j.jhe.2015.02.003},
  journal = {Journal of Housing Economics},
  pages   = {4--21},
  title   = {Financial literacy and financial planning: Evidence from {India}},
  volume  = {27},
  year    = {2015},
  file    = {Financial literacy and financial planning\: Evidence from India:Agarwal et al. (2015).pdf:PDF}
}

@article{agasisti:2021,
  author  = {Tommaso Agasisti and Francesco Avvisati and Francesca Borgonovi and Sergio Longobardi},
  doi     = {10.1007/s11205-021-02668-w},
  journal = {Social Indicators Research},
  pages   = {1--33},
  title   = {What school factors are associated with the success of socio-economically disadvantaged students? An empirical investigation using {PISA} data},
  year    = {2021},
  file    = {What school factors are associated with the success of social-economically disadvantaged students? An empirical investigation using PISA data:M\:/pc/Dokumenter/MSc/Thesis/Bibliography/Agasisti, Avvisati, Borgonovi & Longobardi (2021).pdf:PDF}
}
@article{agnew:2015a,
  author  = {Stephen Agnew and Trudi {Cameron-Agnew}},
  doi     = {10.1111/ijcs.12179},
  journal = {International Journal of Consumer Studies},
  number  = {6},
  pages   = {630--638},
  title   = {The influence of consumer socialisation in the home on gender differences in financial literacy},
  volume  = {39},
  year    = {2015},
  file    = {The influence of consumer socialisation in the home on gender differences in financial literacy:Agnew & Cameron-Agnew (2015).pdf:PDF}
}
@article{agnew:2015b,
  author  = {Steve Agnew and Neil Harrison},
  doi     = {10.1016/j.jretconser.2015.04.006},
  journal = {Journal of Retailing and Consumer Services},
  pages   = {122--129},
  title   = {Financial literacy and student attitudes to debt: A cross national study examining the influence of gender on personal finance concepts},
  volume  = {25},
  year    = {2015},
  file    = {Financial literacy and student attitudes to debt\: A cross national study examining the influence of gender on personal finance concepts:Agnew & Harrison (2015).pdf:PDF}
}
@article{agyei:2018,
  author  = {Samuel Kwaku Agyei},
  doi     = {10.1080/23322039.2018.1463813},
  journal = {Cogent Economics {\&} Finance},
  number  = {1},
  pages   = {1--16},
  title   = {Culture, financial literacy, and {SME} performance in {Ghana}},
  volume  = {6},
  year    = {2018},
  file    = {Culture, financial literacy, and SME performance in Ghana:Agyei (2018).pdf:PDF}
}

@article{akbenselcuk:2014,
  author  = {Elif {Akben-Selcuk} and Ayse {Altiok-Yilmaz}},
  doi     = {10.2466/31.11.pr0.115c18z3},
  journal = {Psychological Reports},
  number  = {2},
  pages   = {351--371},
  title   = {Financial literacy among {Turkish} college students: The role of formal education, learning approaches, and parental teaching},
  volume  = {115},
  year    = {2014},
  file    = {Financial literacy among Turkish college students\: The role of formal education, learning approaches, and parental teaching:Akben-Selcuk & Altiok-Yilmaz (2014).pdf:PDF}
}
@article{ali:2014,
  author  = {Paul Ali and Malcolm Edward Anderson and Cosima Hay {McRae} and Ian Ramsay},
  journal = {Company and Securities Law Journal},
  number  = {5},
  pages   = {334--352},
  title   = {The financial literacy of young {Australians}: An empirical study and implications for consumer protection and {ASIC}'s {National Financial Literacy Strategy}},
  volume  = {32},
  year    = {2014},
  url     = {https://ssrn.com/abstract=2490154},
  file    = {The financial literacy of young Australians\; An empirical study and implications for consumer protection and ASIC's National Financial Literacy Strategy:Ali et al. (2014).pdf:PDF}
}
@article{allgood:2016,
  author  = {Sam Allgood and William B. Walstad},
  doi     = {10.1111/ecin.12255},
  journal = {Economic Inquiry},
  number  = {1},
  pages   = {675--697},
  title   = {The effects of perceived and actual financial literacy on financial behaviors},
  volume  = {54},
  year    = {2016},
  file    = {The effects of perceived and actual financial literacy on financial behaviors:Allgood & Walstad (2016).pdf:PDF}
}
@article{amagir:2018,
  author  = {Aisa Amagir and Wim Groot and Henri{\"e}tte Maassen {van den Brink} and Arie Wilschut},
  doi     = {10.1177/2047173417719555},
  journal = {Citizenship, Social and Economics Education},
  number  = {1},
  pages   = {56--80},
  title   = {A review of financial-literacy education programs for children and adolescents},
  volume  = {17},
  year    = {2018},
  file    = {A review of financial-literacy education programs for children and adolesents:Amagir et al. (2018).pdf:PDF}
}
@inbook{aprea:2015,
  author    = {Carmela Aprea and Eveline Wuttke and Seraina Leumann and Michael Heumann},
  booktitle = {Jahrbuch der berufs- und wirtschaftsp{\"a}dagogischen {Forschung} 2015},
  editor    = {J{\"u}rgen Seifried and Susan Seeber and Birgit Ziegler},
  pages     = {11-22},
  publisher = {Verlag Barbara Budrich},
  title     = {Kompetenzfacetten von {Financial Literacy}: Sichtweisen verschiedener {Akteure} [{Competency} facets of financial literacy: Perspectives of different actors]},
  year      = {2015},
  url       = {https://library.oapen.org/bitstream/handle/20.500.12657/25649/1004444.pdf},
  file      = {Kompetenzfacetten von Financial Literacy\: Sichtweisen verschiedener Akteure:[German] Aprea et al. (2015).pdf:PDF}
}
@article{arceogomez:2017,
  author  = {Eva O. {Arceo-G{\'o}mez} and F. Alejandro Villag{\'o}mez},
  doi     = {10.1016/j.iree.2016.10.001},
  journal = {International Review of Economics Education},
  pages   = {1--17},
  title   = {Financial literacy among {Mexican} high school teenagers},
  volume  = {24},
  year    = {2017},
  file    = {Financial literacy among Mexican high school teenagers:Arceo-Gomez & Villagomez (2017).pdf:PDF}
}
@techreport{arellano:2014,
  author      = {Alfonso Arellano and Noelia C{\'a}mara and David Tuesta},
  institution = {BBVA Research},
  title       = {The effect of self-confidence on financial literacy},
  year        = {2014},
  month       = oct,
  type        = {Working Paper No. 14/28},
  file        = {The effect of self-confidence on financial literacy:Arellano, Camara & Tuesta (2014).pdf:PDF},
  url         = {https://www.bbvaresearch.com/wp-content/uploads/2014/10/WP14-28The-effect-of-self-confidence-on-financial-literacy1.pdf}
}
@article{arellano:2018,
  author  = {Alfonso Arellano and Noelia C{\'a}mara and David Tuesta},
  doi     = {10.1111/ecno.12113},
  journal = {Economic Notes},
  number  = {2--3},
  pages   = {495--518},
  title   = {Explaining the gender gap in financial literacy: The role of non-cognitive skills},
  volume  = {47},
  year    = {2018},
  file    = {Explaining the gender gap in financial literacy\: The role of non-cognitive skills:Arellano, Camara & Tuesta (2018).pdf:PDF}
}
@article{arthur:2012,
  author    = {Chris Arthur},
  doi       = {10.14288/ce.v3i6.182350},
  journal   = {Critical Education},
  number    = {6},
  pages     = {1--24},
  title     = {Consumers or critical citizens? {Financial} literacy education and freedom},
  volume    = {3},
  year      = {2012},
  file      = {Consumers or critical citizens? Financial literacy education and freedom:Arthur (2012).pdf:PDF},
  publisher = {Critical Education}
}
@article{asparouhov:2006,
  author  = {Tihomir Asparouhov},
  doi     = {10.1080/03610920500476598},
  journal = {Communications in Statistics --- Theory and Methods},
  pages   = {439--460},
  title   = {General multi-level modeling with sampling weights},
  volume  = {35},
  year    = {2006},
  file    = {General multi-level modeling with sampling weights:/home/tony/uio/pc/Dokumenter/MSc/Thesis/Bibliography/Asparouhov (2006).pdf:PDF}
}

@book{asparouhov:2010a,
  author    = {Tihomir Asparouhov and Bengt Muth{\'e}n},
  publisher = {{Muth{\'e}n \& Muth{\'e}n}},
  title     = {Chi-square statistics with multiple imputation \normalfont{(Version 2)}},
  year      = {2010},
  url       = {https://www.statmodel.com/download/MI7.pdf},
  file      = {Chi-square statistics with multiple imputation:M\:/pc/Dokumenter/MSc/Thesis/Bibliography/Asparouhov & Muthen (2010a).pdf:PDF}
}
@book{asparouhov:2010b,
  author    = {Tihomir Asparouhov and Bengt Muth{\'e}n},
  publisher = {{Muth{\'e}n \& Muth{\'e}n}},
  title     = {Multiple imputation with {Mplus} \normalfont{(Version 2)}},
  year      = {2010},
  url       = {https://www.statmodel.com/download/Imputations7.pdf},
  file      = {Multiple imputation with Mplus:M\:/pc/Dokumenter/MSc/Thesis/Bibliography/Asparouhov & Muthen (2010b).pdf:PDF}
}

@article{atkinson:2011,
  author  = {Adele Atkinson and Flore-Anne Messy},
  doi     = {10.1017/s1474747211000539},
  journal = {Journal of Pension Economics and Finance},
  number  = {4},
  pages   = {657--665},
  title   = {Assessing financial literacy in 12 countries: an {OECD}/{INFE} international pilot exercise},
  volume  = {10},
  year    = {2011},
  file    = {Assessing financial literacy in 12 countries\: An OECD/INFE international pilot exercise:Atkinson & Messy (2011).pdf:PDF}
}
@article{audigier:2018,
  author  = {Vincent Audigier and Ian R. White and Shahab Jolani and Thomas P. A. Debray and Matteo Quartagno and James Carpenter and Stef van Buuren and Matthieu Resche-Rigon},
  doi     = {10.1214/18-STS646},
  journal = {Statistical Science},
  number  = {2},
  pages   = {160--183},
  title   = {Multiple imputation for multilevel data with continuous and binary variables},
  volume  = {33},
  year    = {2018},
  file    = {Multiple imputation for multilevel data with continuous and binary variables:M\:/pc/Dokumenter/MSc/Thesis/Bibliography/Audigier, White, Jolani, Debray, Quartagno, Carpenter, van Buuren & Resche-Rigon (2018).pdf:PDF}
}
@article{avvisati:2020,
  author  = {Francesco Avvisati},
  doi     = {10.1186/s40536-020-00086-x},
  journal = {Large-scale Assessments in Education},
  number  = {8},
  pages   = {1--37},
  title   = {The measure of socio-economic status in {PISA}: A review and some suggested improvements},
  volume  = {8},
  year    = {2020},
  file    = {The measure of socio-economic status in PISA\: A review and some suggested improvements:/home/tony/uio/pc/Dokumenter/MSc/Thesis/Bibliography/Avvisati (2020).pdf:PDF}
}
@book{bankoffinland:2021,
  author    = {{Bank of Finland}},
  publisher = {{Bank of Finland}},
  title     = {Proposal for a national strategy to promote financial literacy in {Finland}},
  year      = {2021},
  url       = {https://helda.helsinki.fi/bof/bitstream/handle/123456789/17858/Talousosaamisen-strategia-EN.pdf},
  file      = {Proposal for a national strategy to promote financial literacy in Finland:M\:/pc/Dokumenter/MSc/Thesis/Bibliography/Bank of Finland (2020).pdf:PDF}
}
@inbook{bartholomae:2016,
  author    = {Suzanne Bartholomae and Jonathan J. Fox},
  booktitle = {Handbook of consumer finance research},
  editor    = {J. J. Xiao},
  pages     = {45--59},
  publisher = {Springer},
  title     = {Advancing financial literacy education using a framework for evaluation},
  year      = {2016},
  doi       = {10.1007/978-3-319-28887-1_4},
  file      = {Advancing financial literacy education using a framework for evaluation:Bartholomae & Fox (2016).pdf:PDF}
}
@article{batsaikhan:2018,
  author  = {Uuriintuya Batsaikhan and Maria Demertzis},
  journal = {Bruegel Policy Contribution},
  number  = {8},
  pages   = {1--18},
  title   = {Financial literacy and inclusive growth in the {European Union}},
  volume  = {2018},
  year    = {2018},
  url     = {https://www.econstor.eu/bitstream/10419/208015/1/1028806345.pdf},
  file    = {Financial literacy and inclusive growth in the European Union:Batsaikhan & Demertzis (2018).pdf:PDF}
}
@article{becchetti:2013,
  author  = {Leonardo Becchetti and Stefano Caiazza and Decio Coviello},
  doi     = {10.1080/09603107.2013.767977},
  journal = {Applied Financial Economics},
  number  = {10},
  pages   = {817--836},
  title   = {Financial education and investment attitudes in high schools: Evidence from a randomized experiment},
  volume  = {23},
  year    = {2013},
  file    = {Financial education and investment attitudes in high schools\: Evidence from a randomized experiment:Becchetti, Caiazza & Coviello (2013).pdf:PDF}
}
@article{beckmann:2020,
  author  = {Elisabeth Beckmann and Sarah Reiter},
  journal = {Focus on European Economic Integration},
  number  = {Q3},
  pages   = {36--59},
  title   = {How financially literate is {CESEE}? {Insights} from the {OeNB Euro Survey}},
  volume  = {20},
  year    = {2020},
  url     = {https://www.oenb.at/dam/jcr:578c0407-1d22-4094-a312-b7ce3e82ae76/03_feei_Q3_20_How-financially-literate-is-CESEE.pdf},
  file    = {How financially literate is CESEE? Insights from the OeNB Euro Survey:M\:/pc/Dokumenter/MSc/Thesis/Bibliography/Reiter & Beckmann (2020).pdf:PDF}
}
@article{behrman:2012,
  author  = {Jere R Behrman and Olivia S Mitchell and Cindy K Soo and David Bravo},
  doi     = {10.1257/aer.102.3.300},
  journal = {American Economic Review: Papers \& Proceedings},
  number  = {3},
  pages   = {300--304},
  title   = {How Financial Literacy Affects Household Wealth Accumulation},
  volume  = {102},
  year    = {2012},
  file    = {How financial literacy affects household wealth accumulation:Behrman, Mitchell, Soo & Bravo (2012).pdf:PDF}
}
@article{bel:2015,
  author  = {Sarah Bel and James Eberlein},
  journal = {The {OECD} Observer},
  pages   = {28--29},
  title   = {Why financial literacy matters for development},
  volume  = {303},
  year    = {2015},
  url     = {https://oecdobserver.org/news/fullstory.php/aid/4967/Why_financial_literacy_matters_for_development.html},
  file    = {Why financial literacy matters for development:Bel & Eberlein (2015).pdf:PDF}
}
@article{belas:2016,
  author  = {Jaroslav Bel{\'a}s and Anh Nguyen and Lubo{\v{s}} Smr{\v{c}}ka and Jozef Kolembus and Eva Cipovov{\'a}},
  doi     = {10.14254/2071-789x.2016/9-4/12},
  journal = {Economics {\&} Sociology},
  number  = {4},
  pages   = {191--206},
  title   = {Financial literacy of secondary school students. {Case} study from the {Czech Republic} and {Slovakia}},
  volume  = {9},
  year    = {2016},
  url     = {https://publikace.k.utb.cz/bitstream/handle/10563/1006945/Fulltext_1006945.pdf},
  file    = {Financial literacy of secondary school students\: Case study from the Czech Republic and Slovakia:Belas et al. (2016).pdf:PDF}
}
@article{bernheim:2001,
  author  = {B.Douglas Bernheim and Daniel M. Garrett and Dean M. Maki},
  doi     = {10.1016/s0047-2727(00)00120-1},
  journal = {Journal of Public Economics},
  number  = {3},
  pages   = {435--465},
  title   = {Education and saving: The long-term effects of high school financial curriculum mandates},
  volume  = {80},
  year    = {2001},
  file    = {Education and saving\: The long-term effects of high school financial curriculum mandates:Bernheim, Garrett & Maki (2001).pdf:PDF}
}
@article{birbili:2015,
  author  = {Maria Birbili and Melanthia Kontopoulou},
  doi     = {10.1080/00094056.2015.1001670},
  journal = {Childhood Education},
  number  = {1},
  pages   = {46--53},
  title   = {Financial education for preschoolers: Preparing young children for the {21st Century}},
  volume  = {91},
  year    = {2015},
  file    = {Financial education for preschoolers\: Preparing young children for the 21st Century:Birbili & Kontopoulou (2015).pdf:PDF}
}

@article{blue:2014a,
  author  = {Levon Blue and Mark Brimble},
  journal = {{JASSA}: The Finsia Journal of Applied Finance},
  pages   = {37--41},
  title   = {Reframing the expectations of financial literacy education: Bringing back the reality},
  volume  = {1},
  year    = {2014},
  url     = {https://research-repository.griffith.edu.au/bitstream/handle/10072/63062/94351_1.pdf},
  file    = {Reframing the expectations of financial literacy education\: Bringing back the reality:Blue & Brimble (2014).pdf:PDF}
}
@article{blue:2014b,
  author  = {Levon Blue and Peter Grootenboer and Mark Brimble},
  doi     = {10.1016/j.iree.2014.07.005},
  journal = {International Review of Economics Education},
  pages   = {51--62},
  title   = {Financial literacy education in the curriculum: Making the grade or missing the mark?},
  volume  = {16},
  year    = {2014},
  file    = {Financial literacy education in the curriculum\: Making the grade or missing the mark?:Blue, Grootenboer & Brimble (2014).pdf:PDF}
}
@article{blue:2017,
  author  = {Levon Ellen Blue and Laura Elizabeth Pinto},
  doi     = {10.1007/s13384-017-0226-y},
  journal = {Australian Educational Researcher},
  number  = {1},
  pages   = {55--70},
  title   = {Other ways of being: Challenging dominant financial literacy discourses in {Aboriginal} context},
  volume  = {44},
  year    = {2017},
  file    = {Other ways of being\: Challenging dominant financial literacy discourses in Aborigina context:Blue & Pinto (2017).pdf:PDF}
}
@article{blue:2018,
  author  = {Levon Ellen Blue and Mia {O'Brien} and Katie Makar},
  doi     = {10.1007/s13394-017-0223-5},
  journal = {Mathematics Education Research Journal},
  number  = {2},
  pages   = {143--164},
  title   = {Exploring the classroom practices that may enable a compassionate approach to financial literacy education},
  volume  = {30},
  year    = {2018},
  file    = {Exploring the classroom practices that may enable a compassionate approach to financial literacy education:Blue, Brien & Makar (2018).pdf:PDF}
}
@inbook{blue:2020,
  author    = {Levon Ellen Blue},
  booktitle = {Quality education},
  editor    = {W. L. Filho and A. M. Azul and L. Brandli and P. G. {\"O}zuyar and T. Wall},
  pages     = {307--315},
  publisher = {Springer},
  title     = {Financial literacy education: Toward reasonable, just, and sustainable practices},
  year      = {2020},
  doi       = {10.1007/978-3-319-95870-5},
  file      = {Financial literacy education\: Toward reasonable, just, and sustainable practices:Blue (2020).pdf:PDF}
}
@article{bohm:2021,
  author  = {Patrik B{\"o}hm and Gabriela B{\"o}hmov{\'a} and Vikt{\'o}ria {\v{S}}imkov{\'a} and Jana Gazd{\'i}kov{\'a}},
  doi     = {10.33225/pec/21.79.13},
  journal = {Problems of Education in the 21st Century},
  number  = {1},
  pages   = {13--33},
  title   = {The impact of secondary education on the level of financial literacy: The case of {Slovakia}},
  volume  = {79},
  year    = {2021},
  file    = {The impact of secondary education on the level of financial literacyL The case of Slovakia:M\:/pc/Dokumenter/MSc/Thesis/Bibliography/Bohm, Bohmova, Simkova & Gazdikova (2021).pdf:PDF}
}
@article{boisclair:2017,
  author  = {David Boisclair and Annamaria Lusardi and Pierre-Carl Michaud},
  doi     = {10.1017/s1474747215000311},
  journal = {Journal of Pension Economics and Finance},
  number  = {3},
  pages   = {277--296},
  title   = {Financial literacy and retirement planning in {Canada}},
  volume  = {16},
  year    = {2017},
  file    = {Financial literacy and retirement plnning in Canada:Boisclair, Lusardi & Michaud (2017).pdf:PDF}
}
@article{bongini:2012,
  author  = {Paola Bongini and Paolo Trivellato and Mariangela Zenga},
  doi     = {10.1285/i20705948v5n3p425},
  journal = {Electronic Journal of Applied Statistical Analysis},
  number  = {3},
  pages   = {425--430},
  title   = {Measuring financial literacy among students: An application of {Rasch} analysis},
  volume  = {5},
  year    = {2012},
  file    = {Measuring financial literacy among students\: An application of Rasch analysis:Bongini, Trivellato & Zenga (2012).pdf:PDF}
}
@article{bostan:2020,
  author  = {Nicoleta Gianina Bostan},
  journal = {Bulletin of the \emph{Transilvania} University of Bra{\c{s}}ov},
  title   = {Financial education in {Eastern European} countries},
  year    = {2020},
  number  = {62},
  pages   = {1--8},
  volume  = {13},
  doi     = {10.31926/but.es.2020.13.62.2.13},
  file    = {Financial education in Eastern European countries:/home/tony/uio/pc/Dokumenter/MSc/Thesis/Bibliography/Bostan (2020).pdf:PDF},
  url     = {http://webbut.unitbv.ro/Bulletin/Series V/2020/BULETIN I PDF/13_Bostan.pdf}
}
@book{bottazzi:2020,
  author    = {Laura Bottazzi and Annamaria Lusardi},
  publisher = {National Bureau of Economic Research},
  title     = {Stereotypes in financial literacy: Evidence from {PISA} \normalfont{(NBER Working Paper No. 28065)}},
  year      = {2020},
  url       = {https://www.nber.org/system/files/working_papers/w28065/w28065.pdf},
  file      = {Stereotypes in financial literacy\: Evidence from PISA:M\:/pc/Dokumenter/MSc/Thesis/Bibliography/Bottazzi & Lusardi (2020).pdf:PDF}
}
@techreport{bover:2018,
  author      = {Olympia Bover and Laura Hospido and Ernesto Villanueva},
  institution = {Banco de Espa{\~n}a},
  title       = {The impact of high school financial education on financial knowledge and saving choices: Evidence from a randomized trial in {Spain}},
  year        = {2018},
  type        = {Working paper No. 1801},
  doi         = {10.2139/ssrn.3116054},
  file        = {The impact of high school financial education on financial knowledge and choices\: Evidence from a randomized trial in Spain:Bover, Hospido & Villanueva (2018).pdf:PDF},
  url         = {https://papers.ssrn.com/sol3/papers.cfm?abstract_id=3116054}
}
@unpublished{bover:2020,
  author = {Olympia Bover and Laura Hospido and Ernesto Villanueva},
  title  = {The impact of high school financial education on financial knowledge and saving choices: Evidence from a randomized trial in {Spain}},
  year   = {2020},
  file   = {The impact of high school financial education on financial knowledge and saving choices\: Evidence from a randomized trial in Spain:Bover, Hospido & Villanueva (2020).pdf:PDF},
  url    = {http://laurahospido.com/wp-content/uploads/2020/06/20200602_bhv_s.pdf}
}
@article{bowen:2002,
  author  = {Cathy Faulcon Bowen},
  journal = {Journal of Financial Counseling and Planning},
  number  = {2},
  pages   = {93--102},
  title   = {Financial knowledge of teens and their parents},
  volume  = {13},
  year    = {2002},
  url     = {https://afcpe.buckeyedev.com/wp-content/uploads/2018/10/vol1328.pdf},
  file    = {Financial knowledge of teens and their parents:/home/tony/uio/pc/Dokumenter/MSc/Thesis/Bibliography/Bowen (2002).pdf:PDF}
}
@article{bray:1995,
  author  = {Mark Bray and R. Murray Thomas},
  doi     = {10.17763/haer.65.3.g3228437224v4877},
  journal = {Harvard Educational Review},
  number  = {3},
  pages   = {472--491},
  title   = {Levels of comparison in educational studies: Different insights from different literatures and the value of multilevel analyses},
  volume  = {65},
  year    = {1995},
  file    = {Levels of comparison in educational studies\: Different insights from different literatures and the value of multilevel analyses:/home/tony/uio/pc/Dokumenter/MSc/Thesis/Bibliography/Bray & Thomas (1995).pdf:PDF}
}

@inbook{breitbach:2016,
  author    = {Elizabeth Breitbach and William B. Walstad},
  booktitle = {Economic competence and financial literacy of young adults},
  editor    = {Eveline Wuttke and J{\"u}rgen Seifried and Stephan Schumann},
  pages     = {81--98},
  publisher = {Verlag Barbara Budrich},
  title     = {Financial literacy and financial behavior among young adults in the {United States}},
  year      = {2016},
  doi       = {10.2307/j.ctvbkk29d.7},
  file      = {Financial literacy and financial behavior among young adults in the United States:Breitbach & Walstad (2016).pdf:PDF}
}
@article{brimble:2013,
  author  = {Mark Brimble and Levon Blue},
  doi     = {10.1057/fsm.2013.16},
  journal = {Journal of Financial Services Marketing},
  number  = {3},
  pages   = {207--219},
  title   = {Tailored financial literacy education: An indigenous perspective},
  volume  = {18},
  year    = {2013},
  file    = {Tailored financial literacy education\: An indigenous perspective:Brimble & Blue (2013).pdf:PDF}
}
@article{brown:2013,
  author  = {Martin Brown and Roman Graf},
  doi     = {10.5038/1936-4660.6.2.6},
  journal = {Numeracy},
  number  = {2},
  pages   = {1--21},
  title   = {Financial literacy and retirement planning in {Switzerland}},
  volume  = {6},
  year    = {2013},
  file    = {Financial literacy and retirement planning in Switzerland:Brown & Graf (2013).pdf:PDF}
}
@article{brown:2016,
  author  = {Meta Brown and John Grigsby and Wilbert {van der Klaauw} and Jaya Wen and Basit Zafar},
  doi     = {10.1093/rfs/hhw006},
  journal = {Review of Financial Studies},
  number  = {9},
  pages   = {2490--2522},
  title   = {Financial education and the debt behavior of the young},
  volume  = {29},
  year    = {2016},
  file    = {Financial education and the debt behavior of the young:/home/tony/uio/pc/Dokumenter/MSc/Thesis/Bibliography/Brown, Grigsby, van der Klaauw, Wen & Zafar (2016).pdf:PDF}
}
@article{brown:2018,
  author  = {Martin Brown and Caroline Henchoz and Thomas Spycher},
  doi     = {10.1016/j.jebo.2018.03.011},
  journal = {Journal of Economic Behavior {\&} Organization},
  pages   = {62--85},
  title   = {Culture and financial literacy: Evidence from a within-country language border},
  volume  = {150},
  year    = {2018},
  file    = {Culture and financial literacy\: Evidence from a within-country language border:Brown, Henchoz & Spycher (2018).pdf:PDF}
}
@techreport{bucciol:2020,
  author      = {Alessandro Bucciol and Simone Quercia and Alessia Sconti},
  institution = {Department of Economics, University of Verona},
  title       = {Promoting financial literacy among the elderly: Consequences on confidence},
  year        = {2020},
  type        = {Working Paper Series No. 12},
  file        = {Promoting financial literacy among the ederly\: Consequences on confidence:Bucciol, Quercia & Sconti (2020).pdf:PDF},
  url         = {http://dse.univr.it/home/workingpapers/wp2020n12.pdf}
}
@article{bucherkoenen:2017,
  author  = {Tabea {Bucher-Koenen} and Annamaria Lusardi and Rob Alessie and Maarten {van Rooij}},
  doi     = {10.1111/joca.12121},
  journal = {Journal of Consumer Affairs},
  number  = {2},
  pages   = {255--283},
  title   = {How financially literate are women? {An} overview and new insights},
  volume  = {51},
  year    = {2017},
  file    = {How financially literate are women? An overview and new insights:/home/tony/uio/pc/Dokumenter/MSc/Thesis/Bibliography/Bucher-Koenen, Lusardi, Alessie & van Rooij (2017).pdf:PDF}
}
@techreport{bucherkoenen:2021,
  author      = {Tabea Bucher-Koenen and Rob Alessie and Annamaria Lusardi and Maarten {van Rooij}},
  institution = {Leibniz Centre for European Economic Research},
  title       = {Fearless girl: Woman's financial literacy an stock market participation},
  year        = {2021},
  type        = {Discussion Paper No. 21-015},
  file        = {Fearless girl\: Women's financial literacy and stock market participation:M\:/pc/Dokumenter/MSc/Thesis/Bibliography/Bucher-Koenen, Alessie, Lusardi & van Rooij (2021).pdf:PDF},
  url         = {http://ftp.zew.de/pub/zew-docs/dp/dp21015.pdf}
}
@article{buchholz:2019,
  author  = {Janine Buchholz and Johannes Hartig},
  doi     = {10.1177/0146621617748323},
  journal = {Applied Psychological Measurement},
  number  = {3},
  pages   = {241--250},
  title   = {Comparing attitudes across groups: An {IRT}-based item-fit statistic for the analysis of measurement invariance},
  volume  = {43},
  year    = {2019},
  file    = {Comparing attitudes across groups\: An IRT-based item-fit statistic for the analysis of measurement invariance:/home/tony/uio/pc/Dokumenter/MSc/Thesis/Bibliography/Buchholz & Hartig (2019).pdf:PDF}
}
@article{caliendo:2013,
  author  = {Frank N. Caliendo and T. Scott Findley},
  doi     = {10.1016/j.econlet.2013.06.041},
  journal = {Economics Letters},
  number  = {1},
  pages   = {30--34},
  title   = {Time inconsistency and retirement planning},
  volume  = {121},
  year    = {2013},
  file    = {Time inconsistency and retirement planning:/home/tony/uio/pc/Dokumenter/MSc/Thesis/Bibliography/Caliendo & Findley (2013).pdf:PDF}
}
@article{cameron:2013,
  author  = {Michael P. Cameron and Richard Calderwood and Ashleigh Cox and Steven Lim and Michio Yamaoka},
  doi     = {10.2304/csee.2013.12.3.200},
  journal = {Citizenship, Social and Economics Education},
  number  = {3},
  pages   = {200--215},
  title   = {Personal financial literacy among high school students in {New Zealand}, {Japan} and the {USA}},
  volume  = {12},
  year    = {2013},
  file    = {Personal financial literacy among high school students in New Zealand, Japan and the USA:Cameron, Calderwood, Cox, Lim & Yamaoka (2013).pdf:PDF}
}
@techreport{campioni:2017,
  author      = {Eloisa Campioni and Vittorio Larocca and Loredana Mirra and Luca Panaccione},
  institution = {Centre for Economic and International Studies, University of Rome Tor Vergata},
  title       = {Financial literacy and bank runs: An experimental analysis},
  year        = {2017},
  type        = {CEIS Working Paper No. 402},
  doi         = {10.2139/ssrn.2955813},
  file        = {Financial literacy and bank runs\: An experimental analysis:Campioni, Larocca, Mirra & Panaccione (2017).pdf:PDF}
}

@article{caoalvira:2020,
  author  = {Jos{\'e} J. Cao-Alvira and Amalia Novoa-Hoyos and Alexander N{\'u}{\~n}ez-Torres},
  doi     = {10.1111/rode.12739},
  journal = {Review of Development Economics},
  pages   = {1--16},
  title   = {On the financial literacy, indebtedness, and wealth of {Colombian} households},
  year    = {2020},
  file    = {On the financial literacy, indebtedness, and wealth of Colombian households:M\:/pc/Dokumenter/MSc/Thesis/Bibliography/Cao-Alvira, Novoa-Hoyos & Nunez-Torres (2020).pdf:PDF}
}
@article{carlin:2012a,
  author  = {Bruce Ian Carlin and David T. Robinson},
  doi     = {10.1257/aer.102.3.305},
  journal = {American Economic Review: Papers \& Proceedings},
  number  = {3},
  pages   = {305--308},
  title   = {Financial education and timely decision support: Lessons from junior achievement},
  volume  = {102},
  year    = {2012},
  file    = {Financial education and timely decision support\: Lessons from junior achievement:Carlin & Robinson (2012) AER.pdf:PDF}
}
@article{carlin:2012b,
  author  = {Bruce Ian Carlin and David T. Robinson},
  doi     = {10.1080/00220485.2012.686385},
  journal = {Journal of Economic Education},
  number  = {3},
  pages   = {235--247},
  title   = {What does financial literacy training teach us?},
  volume  = {43},
  year    = {2012},
  file    = {What does financial literacy training teach us?:Carlin & Robinson (2012).pdf:PDF}
}
@inbook{carvalho:2020,
  author    = {Lu{\'i}s Miguel Carvalho},
  booktitle = {Handbook of education policy studies},
  editor    = {G. Fan and T. S. Popkewitz},
  pages     = {259--273},
  publisher = {Springer},
  title     = {Revisiting the fabrications of {PISA}},
  year      = {2020},
  doi       = {10.1007/978-981-13-8343-4_14},
  file      = {Revisiting the fabrications of PISA:Carvalho (2020).pdf:PDF}
}
@article{chambers:2018,
  author  = {Rebecca G. Chambers and Carlos J. Asarta},
  journal = {Empirische P{\"a}dagogik},
  number  = {3/4},
  pages   = {310--328},
  title   = {Gender, country-level variables, and financial knowledge},
  volume  = {32},
  year    = {2018},
  url     = {https://bit.ly/2Pw1HFs},
  file    = {Gender, country-level variables, and financial knowledge:Chambers & Asarta (2018).pdf:PDF}
}
@article{chambers:2019,
  author  = {Rebecca G. Chambers and Caros J. Asarta and Elizabeth N. {Farley-Ripple}},
  journal = {Journal of Financial Counseling and Planning},
  number  = {1},
  pages   = {91--109},
  title   = {Gender, parental characteristics, and financial knowledge of high school students: Evidence from multicountry data},
  volume  = {30},
  year    = {2019},
  url     = {https://files.eric.ed.gov/fulltext/EJ1241100.pdf},
  file    = {Gender, parental characteristics, and financial knowledge of high school students\: Evidence from multicountry data:Chambers, Asarta & Farley-Ripple (2019).pdf:PDF}
}
@article{chatfield:1978,
  author  = {C. Chatfield},
  journal = {Journal of the Royal Statistical Society. Series C (Applied Statistics)},
  number  = {3},
  pages   = {264--279},
  title   = {The {Holt-Winters} forecasting procedure},
  volume  = {27},
  year    = {1978},
  url     = {https://www.jstor.org/stable/pdf/2347162.pdf},
  file    = {The Holt-Winters forecasting procedure:/home/tony/uio/pc/Dokumenter/MSc/Thesis/Bibliography/Chatfield (1978).pdf:PDF}
}
@article{chen:2018,
  author  = {Zibei Chen and James C. Garand},
  doi     = {10.1111/ssqu.12520},
  journal = {Social Science Quarterly},
  number  = {5},
  pages   = {1551--1571},
  title   = {On the gender gap in financial knowledge: Decomposing the effects of don't know and incorrect responses},
  volume  = {99},
  year    = {2018},
  file    = {On the gender gap in financial knowledge\: Decomposing the effects of don't know and incorrect responses:Chen & Garand (2018).pdf:PDF}
}
@article{chiang:2020,
  author  = {Tsun-Feng Chiang},
  doi     = {10.1111/joca.12319},
  journal = {Journal of Consumer Affairs},
  title   = {Financial capability and investment management of {Chinese} households: An application of hybrid item response theory},
  year    = {2020},
  file    = {Financial capability and investment management of Chinese households\: An application of hybrid item response theory:Chiang (2020).pdf:PDF}
}
@article{chou:1991,
  author  = {Chih-Ping Chou and P. M. Bentler and Albert Satorra},
  doi     = {10.1111/j.2044-8317.1991.tb00966.x},
  journal = {British Journal of Mathematical and Statistical Psychology},
  number  = {2},
  pages   = {347--357},
  title   = {Scaled test statistics and robust standard errors for non-normal data in covariance structure analysis: A Monte Carlo study},
  volume  = {44},
  year    = {1991},
  file    = {Scaled test statistics and robust standard errors for non-normal data in covariance structure analysis\: A Monte Carlo study:/home/tony/uio/pc/Dokumenter/MSc/Thesis/Bibliography/Chou, Bentler & Satorra (1991).pdf:PDF}
}
@article{ciemleja:2014a,
  author  = {Guna Ciemleja and Natalja Lace and Jelena Titko},
  doi     = {10.9770/jssi.2014.4.1(3)},
  journal = {Journal of Security and Sustainability Issues},
  number  = {1},
  pages   = {29--40},
  title   = {Financial literacy as a prerequisite for citizens' economic security: Development of a measurement instrument},
  volume  = {4},
  year    = {2014},
  file    = {Financia literacy as a prerequisite for citizens' economic security\: Development of a measurement instrument:Ciemleja, Lace & Titko (2014a).pdf:PDF}
}
@article{ciemleja:2014b,
  author  = {Guna Ciemleja and Natalja Lace and Jelena Titko},
  doi     = {10.1016/j.sbspro.2014.11.111},
  journal = {Procedia -- Social and Behavioral Sciences},
  pages   = {13--17},
  title   = {Towards the practical evaluation of financial literacy: {Latvian} survey},
  volume  = {156},
  year    = {2014},
  file    = {Towards the practical evaluation of financial literacy\: Latvian survey:Ciemleja, Lace & Titko (2014b).pdf:PDF}
}
@article{claeskens:2008,
  author  = {Gerda Claeskens and Fabrizio Consentino},
  doi     = {10.1111/j.1541-0420.2008.01003.x},
  journal = {Biometrics},
  pages   = {1062--1069},
  title   = {Variable selection with incomplete covariate data},
  volume  = {64},
  year    = {2008},
  file    = {Variable selection with incomplete covariate data:M\:/pc/Dokumenter/MSc/Thesis/Bibliography/Claeskens & Consentino (2008).pdf:PDF}
}
@techreport{cole:2009,
  author      = {Shawn Cole and Thomas Sampson and Bilal Zia},
  institution = {Harvard Business School},
  title       = {Financial literacy, financial decisions, and the demand for financial services: Evidence from {India} and {Indonesia}},
  year        = {2009},
  type        = {Working Paper 09-117},
  file        = {Financial literacy, financial decisions, and the demand for financial services\: Evidence from India and Indonesia:/home/tony/uio/pc/Dokumenter/MSc/Thesis/Bibliography/Cole (2009).pdf:PDF},
  url         = {http://www1.worldbank.org/prem/poverty/ie/dime_papers/1107.pdf}
}
@article{cole:2016,
  author  = {Shawn Cole and Anna Paulson and Gauri Kartini Shastry},
  doi     = {10.3368/jhr.51.3.0113-5410r1},
  journal = {Journal of Human Resources},
  number  = {3},
  pages   = {656--698},
  title   = {High school curriculum and financial outcomes: The impact of mandated personal finance and mathematics courses},
  volume  = {51},
  year    = {2016},
  file    = {High school curriculum and financial outcomes\: The impact of mandated personal finance and mathematics courses:/home/tony/uio/pc/Dokumenter/MSc/Thesis/Bibliography/Cole, Paulson & Shastry (2016).pdf:PDF}
}
@article{collins:2013,
  author  = {J. Michael Collins},
  doi     = {10.1016/j.jebo.2012.08.011},
  journal = {Journal of Economic Behavior {\&} Organization},
  pages   = {146--158},
  title   = {The impacts of mandatory financial education: Evidence from a randomized field study},
  volume  = {95},
  year    = {2013},
  file    = {The impacts of mandatory financial education\: Evidence from a randomized field study:Collins (2013).pdf:PDF}
}
@inproceedings{connolly:2015,
  author    = {Mary Connolly and Cynthia Nicol},
  booktitle = {Proceedings of the 39th {Psychology of Mathematics Education} conference},
  title     = {Students and financial literacy: What do middle school students know? {What} do teachers want them to know},
  year      = {2015},
  address   = {Hobart, Australia},
  editor    = {K. Beswick and T. Muir and J. Wells},
  pages     = {185--192},
  file      = {Students and financial literacy\: What do middle school students know? What do teachers want them to know?:Connolly & Nicol (2015).pdf:PDF},
  url       = {https://bit.ly/2CaVSKO}
}
@article{cordero:2019,
  author  = {Jos{\'{e}} Manuel Cordero and Francisco Pedraja},
  doi     = {10.1080/00036846.2018.1528336},
  journal = {Applied Economics},
  number  = {16},
  pages   = {1679--1693},
  title   = {The effect of financial education training on the financial literacy of {Spanish} students in {PISA}},
  volume  = {51},
  year    = {2019},
  file    = {The effect of financial education training on the financial literacy of Spanish students in PISA:Cordero & Pedraja (2019).pdf:PDF}
}
@inbook{cude:2016,
  author    = {Brenda J. Cude and Donna Danes and M. J. Kabaci},
  booktitle = {Handbook of consumer finance research},
  editor    = {J. J. Xiao},
  pages     = {141--153},
  publisher = {Springer},
  title     = {Financial knowledge and financial education of college students},
  year      = {2016},
  doi       = {10.1007/978-3-319-28887-1_12},
  file      = {Financial knowledge and financial education of college students:Cude, Danes & Kabaci (2016).pdf:PDF}
}
@techreport{cupak;2018b,
  author      = {Andrej Cup{\'a}k and Pirmin Fessler and Maria Silgoner and Elisabeth Ulbrich},
  institution = {National Bank of Slovakia},
  title       = {Financial literacy gaps across countries: The role of individual characteristics and institutions},
  year        = {2018},
  type        = {Working Paper 2/2018},
  file        = {Financial literacy gaps across countries\; The role of individua characteristics and institutions:Cupak, Fessler, Silgoner & Ulbrich (2018b).pdf:PDF},
  url         = {https://www.nbs.sk/_img/Documents/PUBLIK/WP_2_2018_Cupak_Financial_Literacy_EN.pdf}
}
@techreport{cupak:2018a,
  author      = {Andrej Cupak and Pirmin Fessler and Maria Silgoner and Elisabeth Ulbrich},
  institution = {Oesterreichische Nationalbank},
  title       = {Exploring differences in financial literacy across countries: The role of individual characteristics and institutions},
  year        = {2018},
  type        = {Working Paper 220},
  file        = {Exploring differences in financial literacy across countries\: The role of individual characteristics and institutions:Cupak, Fessler, Silgoner & Ulbrich (2018a).pdf:PDF},
  url         = {https://www.oenb.at/dam/jcr:c6506da3-61d3-4be8-abee-cf19468c13fa/WP220.pdf}
}
@article{cupak:2018c,
  author  = {Andrej Cupak and Pirmin Fessler and Maria Silgoner and Elisabeth Ulbrich},
  journal = {Monetary Policy \& the Economy},
  pages   = {14--26},
  title   = {Financial literacy in {Austria}: A survey of recent research results},
  volume  = {Q1},
  year    = {2018},
  url     = {https://www.oenb.at/dam/jcr:a3752d2a-edf3-438f-9363-92e2c7f1d8a9/03_mop_2018_q1_Cupak_Fessler_Silgoner_Ulbrich.pdf},
  file    = {Financial literacy in Austria\: A survey of recent research results:Cupak, Fessler, Silgoner & Ulbrich (2018c).pdf:PDF}
}
@article{curran:1996,
  author  = {Patrick J. Curran and Stephen G. West and John F. Finch},
  doi     = {10.1037/1082-989X.1.1.16},
  journal = {Psychological Methods},
  number  = {1},
  pages   = {16--29},
  title   = {The robustness of test statistics to nonnormality and specification error in confirmatory factor analysis},
  volume  = {1},
  year    = {1996},
  file    = {The robustness of test statistics to nonnormality and specification error in confirmatory factor analysis:/home/tony/uio/pc/Dokumenter/MSc/Thesis/Bibliography/Curran, West & Finch (1996).pdf:PDF}
}

@article{curugan:2020,
  author  = {April Ann M. Curugan and Abdul Halim Masnan and Norlia Mat Norwani},
  journal = {Southeast Asia Early Childhood Journal},
  number  = {2},
  pages   = {11--38},
  title   = {The development of {Kwartalino} financial education program for kindergarten learners},
  volume  = {9},
  year    = {2020},
  url     = {https://ojs.upsi.edu.my/index.php/SAECJ/article/view/3332/2523},
  file    = {The development of Kwartalino financial education program for kindergarten learners:M\:/pc/Dokumenter/MSc/Thesis/Bibliography/Curugan, Masnan & Norwani (2020).pdf:PDF}
}
@article{danes:2007,
  author  = {Sharon M. Danes and Heather R. Haberman},
  journal = {Journal of Financial Counseling and Planning},
  number  = {2},
  pages   = {48--60},
  title   = {Teen financial knowledge, self-efficacy, and behavior: A gendered view},
  volume  = {18},
  year    = {2007},
  url     = {https://files.eric.ed.gov/fulltext/EJ1104367.pdf},
  file    = {Teen financial knowledge, self-efficacy, and behavior\: A gendered view:M\:/pc/Dokumenter/MSc/Thesis/Bibliography/Danes & Haberman (2007).pdf:PDF}
}
@inbook{davies:2016,
  author    = {Peter Davies and Fatima Syed and Lindsey Appleyard},
  booktitle = {Economic competence and financial literacy of young adults},
  editor    = {Eveline Wuttke and J{\"u}rgen Seifried and Stephan Schumann},
  pages     = {41--62},
  publisher = {Verlag Barbara Budrich},
  title     = {Secondary school students' understanding of the financial system},
  year      = {2016},
  doi       = {10.2307/j.ctvbkk29d.5},
  file      = {Secondary schoo students' understanding of the financial system:Davies, Syed and Appleyard (2016).pdf:PDF}
}
@techreport{davoli:2020,
  author      = {Maddalena Davoli and N{\'u}ria {Rodr{\'i}guez-Planas}},
  institution = {Forschungsinstitut zur Zukunft der Arbeit [IZA Institute of Labor Economics]},
  title       = {Culture and adult financial literacy: Evidence from the {United States}},
  year        = {2020},
  type        = {Discussion Paper No. 13349},
  file        = {Culture and adult financial literacy\: Evidence from the United States:Davoli & Rodriguez-Planas (2020).pdf:PDF},
  url         = {http://ftp.iza.org/dp13349.pdf}
}
@article{debeckker:2019,
  author  = {Kenneth {De Beckker} and Kristof {De Witte} and Geert {Van Campenhout}},
  doi     = {10.1111/ijcs.12534},
  journal = {International Journal of Consumer Studies},
  number  = {5},
  pages   = {490--501},
  title   = {Identifying financially illiterate groups: An international comparison},
  volume  = {43},
  year    = {2019},
  sortkey = {{Beckker, Kenneth De}},
  file    = {Identifying financially illiterate groups\: An international comparison:De Beckker, De Witte & Van Campenhout (2019).pdf:PDF}
}
@article{debeckker:2020,
  author  = {Kenneth {De Beckker} and Kristof {De Witte} and Geert {Van Campenhout}},
  doi     = {10.1111/joca.12306},
  journal = {Journal of Consumer Affairs},
  pages   = {1--19},
  title   = {The role of national culture in financial literacy: Cross-country evidence},
  year    = {2020},
  sortkey = {{Beckker, Kenneth De}},
  file    = {The role of national cuture in financial literacy\: Cross-country evidence:De Beckker, De Witte & Van Campenhout (2020).pdf:PDF}
}
@article{debruine:2021,
  author  = {Lisa M. DeBruine and Dale J. Barr},
  doi     = {10.1177/2515245920965119},
  journal = {Advances in Methods and Practices in Psychological Science},
  number  = {1},
  pages   = {1--15},
  title   = {Understanding mixed-effects models through data simulation},
  volume  = {4},
  year    = {2021},
  file    = {Understanding mixed-effects models through data simulation:M\:/pc/Dokumenter/MSc/Thesis/Bibliography/DeBruine & Barr (2021).pdf:PDF}
}
@article{driva:2016,
  author  = {Anastasia Driva and Melanie L{\"u}hrmann and Joachim Winter},
  doi     = {10.1016/j.econlet.2016.07.029},
  journal = {Economics Letters},
  pages   = {143--146},
  title   = {Gender differences and stereotypes in financial literacy: Off to an early start},
  volume  = {146},
  year    = {2016},
  file    = {Gender differences and stereotypes in financial literacy\: Off to an early start:Driva, Luhrmann & Winter (2018).pdf:PDF}
}
@article{eickelmann:2016,
  author  = {Birgit Eickelmann and Julia Gerick and Christian Koop},
  doi     = {10.1007/s10639-016-9498-5},
  journal = {Education and Information Technologies},
  number  = {4},
  pages   = {1527--1551},
  title   = {{ICT} use in mathematics lessons and the mathematics achievement of secondary school students by international comparison: Which role do school level factors play?},
  volume  = {22},
  year    = {2016},
  file    = {ICT use in mathematics lessons and the mathematics achievement of secondary school students by international comparison\: Which role do school level factors play?:M\:/pc/Dokumenter/MSc/Thesis/Bibliography/Eickelmann, Gerick & Koop (2017).pdf:PDF}
}
@article{emmons:2005,
  author  = {William R. Emmons},
  journal = {Saint Louis University Public Law Review},
  number  = {2},
  pages   = {335--362},
  title   = {Consumer-finance myths and other obstacles to financial literacy},
  volume  = {24},
  year    = {2005},
  url     = {https://heinonline.org/HOL/PDFsearchable?handle=hein.journals/stlpl24&collection=journals&section=25&id=&print=section&sectioncount=1&ext=.pdf&nocover=},
  file    = {Consumer-finance myths and other obstacles to financial literacy:Emmons (2005).pdf:PDF}
}
@article{enders:2016,
  author  = {Craig K. Enders and Stephen A. Mistler and Brian T. Keller},
  doi     = {10.1037/met0000063},
  journal = {Psychological Methods},
  number  = {2},
  pages   = {222--240},
  title   = {Multilevel multiple imputation: A review and evaluation of joint modeling and chained equations imputation},
  volume  = {21},
  year    = {2016},
  file    = {Multilevel multiple imputation\: A review and evaluation of joint modeling and chained equations imputation:M\:/pc/Dokumenter/MSc/Thesis/Bibliography/Enders, Mistler & Keller (2016).pdf:PDF}
}
@article{enders:2018,
  author  = {Craig K. Enders and Maxwell Mansolf},
  doi     = {10.1037/met0000102},
  journal = {Psychological Methods},
  number  = {1},
  pages   = {76--93},
  title   = {Assessing the fit of structural equation models with multiply imputed data},
  volume  = {23},
  year    = {2018},
  file    = {Assessing the fit of structural equation models with multiply imputed data:M\:/pc/Dokumenter/MSc/Thesis/Bibliography/Enders & Mansolf (2018).pdf:PDF}
}
@book{endsley:2020,
  author    = {Abra Akers Endsley},
  publisher = {{ProQuest} Dissertations Publishing},
  title     = {Does experimential learning add value in a financial literacy program? {A} qualitative investigation \normalfont{(Publication No. 27837591) [Doctoral dissertation, Eastern Kentucky University]}},
  year      = {2020},
  file      = {Does experimential learning add value in a financial literacy program? A qualitative investigation:M\:/pc/Dokumenter/MSc/Thesis/Bibliography/Endsley (2020).pdf:PDF}
}
@article{eniola:2016,
  author  = {Anthony Abiodun Eniola and Harry Entebang},
  doi     = {10.5861/ijrsm.2015.1304},
  journal = {International Journal of Research Studies in Management},
  number  = {1},
  pages   = {31--43},
  title   = {Financial literacy and {SME} firm performance},
  volume  = {5},
  year    = {2016},
  file    = {Financial literacy and SME firm performance:Eniola & Entebang (2015).pdf:PDF}
}

@article{erner:2016,
  author  = {Carsten Erner and Michael {Goedde-Menke} and Michael Oberste},
  doi     = {10.1080/00220485.2016.1146102},
  journal = {Journal of Economic Education},
  number  = {2},
  pages   = {95--105},
  title   = {Financial literacy of high school students: Evidence from {Germany}},
  volume  = {47},
  year    = {2016},
  file    = {Financial literacy of high school students\: Evidence from Germany:Erner, Goedde-Menke & Oberste (2016).pdf:PDF}
}
@article{erylmaz:2020,
  author  = {Nurullah Erylmaz and Mauricio Rivera-Guti{\'e}rrez and Andr{\'e}s Sandoval-Hern{\'a}ndez},
  doi     = {10.35362/rie8413981},
  journal = {Revista Iberoamericana de Educaci{\'o}n},
  number  = {1},
  pages   = {109--133},
  title   = {Should different countries participating in {PISA} interpret socioeconomic background in the same way? {A} measurement invariance approach},
  volume  = {84},
  year    = {2020},
  file    = {Should different countries participating in PISA interpret socioeconomic background in the same way? A measurement invariance approach:M\:/pc/Dokumenter/MSc/Thesis/Bibliography/Eryilmaz, Rivera-Gutierrez & Sandoval-Hernandez (2020).pdf:PDF}
}
@book{ethics,
  author    = {{UiO}},
  publisher = {{University of Oslo}},
  title     = {Research ethics and data management},
  year      = {2020},
  url       = {https://www.uio.no/english/for-employees/support/research/funding/units/hf/imv/data-ethics/}
}
@article{fabris:2016,
  author  = {Nikola Fabris and Radoica Luburi{\'c}},
  doi     = {10.1515/jcbtp-2016-0011},
  journal = {Journal of Central Banking Theory and Practice},
  number  = {2},
  pages   = {65--79},
  title   = {Financial education of children and youth},
  volume  = {5},
  year    = {2016},
  file    = {Financial education of children and youth:Fabris & Luburic (2016).pdf:PDF}
}
@article{farinella:2017,
  author  = {Joseph Farinella and Julia Bland and Josep Franco},
  journal = {International Journal of Business, Accounting, and Finance},
  number  = {1},
  pages   = {1--12},
  title   = {The impact of financial education on financial literacy and spending habits},
  volume  = {11},
  year    = {2017},
  url     = {http://www.iabpad.com/the-impact-of-financial-education-on-financial-literacy-and-spending-habits/},
  file    = {The impact of financial education on financial literacy and spending habits:Farinella, Bland & Franco (2017).pdf:PDF}
}
@article{fernandes:2014,
  author  = {Daniel Fernandes and John G. Lynch and Richard G. Netemeyer},
  doi     = {10.1287/mnsc.2013.1849},
  journal = {Management Science},
  number  = {8},
  pages   = {1861--1883},
  title   = {Financial literacy, financial education, and downstream financial behaviors},
  volume  = {60},
  year    = {2014},
  file    = {Financial literacy, financial education, and downstream financial behaviors:Fernandes, Lynch & Netemeyer (2014).pdf:PDF}
}
@article{ferrari:2019,
  author  = {Irene Ferrari},
  doi     = {10.1007/s00148-019-00735-8},
  journal = {Journal of Population Economics},
  number  = {1},
  pages   = {33--77},
  title   = {The nativity wealth gap in {Europe}: A matching approach},
  volume  = {33},
  year    = {2019},
  file    = {The nativity wealth gap in Europe\; A matching approach:Farrari (2020).pdf:PDF}
}
@book{FLdata,
  author    = {{OECD}},
  publisher = {{OECD Publishing}},
  title     = {Financial literacy data file \normalfont{[Data set]}},
  year      = {2020},
  url       = {https://webfs.oecd.org/pisa2018/SPSS_STU_FLT.zip}
}
@article{folke:2020,
  author  = {Tomas Folke and Jovana Gjorgjiovska and Alessandro Paul and Lea Jakob and Kai Ruggeri},
  doi     = {10.1027/1015-5759/a000575},
  journal = {European Journal of Psychological Assessment},
  pages   = {1--16},
  title   = {{ASSET}: A new measure of economic and financial literacy},
  year    = {2020},
  file    = {ASSET\: A new measure of economic and financial literacy:/home/tony/uio/pc/Dokumenter/MSc/Thesis/Bibliography/Folke, Gjorgjiovska, Paul, Jakob & Ruggeri (2020).pdf:PDF}
}
@article{fonseca:2012,
  author  = {Raquel Fonseca and Kathleen J. Mullen and Gema Zamarro and Julie Zissimopoulos},
  doi     = {10.1111/j.1745-6606.2011.01221.x},
  journal = {Journal of Consumer Affairs},
  number  = {1},
  pages   = {90--106},
  title   = {What explains the gender gap in financial literacy? {The} role of household decision making},
  volume  = {46},
  year    = {2012},
  file    = {What explains the gender gap in financia literacy? The role of household decision making:Fonseca, Mulen, Zamarro & Zissimopoulos (2012).pdf:PDF}
}
@article{fornero:2019,
  author  = {Elsa Fornero and Anna {Lo Prete}},
  doi     = {10.1017/s1474747218000185},
  journal = {Journal of Pension Economics and Finance},
  number  = {1},
  pages   = {1--30},
  title   = {Voting in the aftermath of a pension reform: The role of financial literacy},
  volume  = {18},
  year    = {2019},
  file    = {Voting in the aftermath of a pension reform\: The role of financial literacy:Fornero & Lo Prete (2019).pdf:PDF}
}
@article{forster:2017,
  author  = {Manuel F{\"o}rster and Roland Happ and Dimitar Molerov},
  doi     = {10.1080/00220485.2017.1285737},
  journal = {Journal of Economic Education},
  number  = {2},
  pages   = {123--135},
  title   = {Using the {U.S.} \textit{Test of Financial Literacy} in {Germany}--{Adaptation} and validation},
  volume  = {48},
  year    = {2017},
  file    = {Using the U.S. Test of Financial Literacy in Germany--Adaptation and validation:Forster, Happ & Molerov (2017).pdf:PDF}
}
@article{fraczek:2015,
  author  = {Bo{\.z}ena Fr{\k{a}}czek and Monika Klimontowicz},
  journal = {Journal of Innovation Management},
  number  = {1},
  pages   = {62--84},
  title   = {Financial literacy and its influence on young cutomers' decision factors},
  volume  = {3},
  year    = {2015},
  url     = {https://journalsojs3.fe.up.pt/index.php/jim/article/view/2183-0606_003.001_0007/166},
  file    = {Financial literacy and its influence on young customers' decision factors:Fraczek & Klimontowicz (2015).pdf:PDF}
}
@article{frisancho:2019,
  author  = {Veronica Frisancho},
  doi     = {10.1016/j.econedurev.2019.101918},
  journal = {Economics of Education Review},
  title   = {The impact of financial education for youth},
  year    = {2019},
  file    = {The impact of financial education for youth:M\:/pc/Dokumenter/MSc/Thesis/Bibliography/Frisancho (2019).pdf:PDF}
}

@article{garder:1985,
  author  = {given={Everette S.}, family={Garder}, suffix={Jr.}},
  journal = {Journal of Forecasting},
  pages   = {1--28},
  title   = {Exponential smoothing: The state of the art},
  volume  = {4},
  year    = {1985},
  url     = {https://www.bauer.uh.edu/gardner/Exp-Sm-1985.pdf},
  file    = {Exponential smoothing\: The state of the art:/home/tony/uio/pc/Dokumenter/MSc/Thesis/Bibliography/Gardner (1985).pdf:PDF}
}
@article{garg:2018,
  author  = {Neha Garg and Shveta Singh},
  doi     = {10.1108/ijse-11-2016-0303},
  journal = {International Journal of Social Economics},
  number  = {1},
  pages   = {173--186},
  title   = {Financial literacy among youth},
  volume  = {45},
  year    = {2018},
  file    = {Financial literacy among youth:Garg & Singh (2018).pdf:PDF}
}
@article{geiger:2016,
  author  = {Geiger, Jan-Martin and Meretz, Ute and Liening, Andreas},
  doi     = {10.7808/0504},
  journal = {Zeitschrift f{\"u}r {\"o}konomische Bildung},
  pages   = {72--93},
  title   = {Systematisierung deutschsprachiger Studien zur Kompetenzerfassung von financial literacy \normalfont [{Systematization of German-language studies for the competence assessment of financial literacy}]},
  volume  = {5},
  year    = {2016},
  file    = {Systematization of German-language studies for the competence assessment of financial literacy:Geiger, Meretz & Liening (2016).pdf:PDF}
}
@article{gomes:2020,
  author  = {Orlando Gomes},
  doi     = {10.1007/s11403-020-00292-4},
  journal = {Journal of Economic Interaction and Coordination},
  title   = {Hand-to-mouth consumers, rule-of-thumb savers, and optimal control},
  year    = {2020},
  file    = {Hand-to-mouth consumers, rule-of-thumb savers, and optimal control:Gomes (2020).pdf:PDF}
}
@article{goodman:1975,
  author  = {Leo A. Goodman},
  doi     = {10.2307/2285434},
  journal = {Journal of the American Statistical Association},
  number  = {352},
  pages   = {755--768},
  title   = {A new model for scaling response patterns: An application of the quasi-independence concept},
  volume  = {70},
  year    = {1975},
  file    = {A new model for scaling response patterns\: An application of the quasi-independence concept:M\:/pc/Dokumenter/MSc/Thesis/Bibliography/Goodman (1975).pdf:PDF}
}
@article{goyal:2020,
  author  = {Kirti Goyal and Satish Kumar},
  doi     = {10.1111/ijcs.12605},
  journal = {International Journal of Consumer Studies},
  pages   = {1--26},
  title   = {Financial literacy: A systematic review and bibliometric analysis},
  year    = {2020},
  file    = {Financia literacy\: A systematic review and bibliometric analysis:Goyal & Kumar (2020).pdf:PDF}
}
@article{gramatki:2017,
  author  = {Iulian Grama\c{t}ki},
  doi     = {10.1080/09645292.2016.1266301},
  journal = {Education Economics},
  number  = {3},
  pages   = {304--322},
  title   = {A comparison of financial literacy between native and immigrant school students},
  volume  = {25},
  year    = {2017},
  file    = {A comparison of financial literacy between native and immigrant school students:M\:/pc/Dokumenter/MSc/Thesis/Bibliography/Gramatki (2017).pdf:PDF}
}
@article{green:1956,
  author  = {Bert F. Green},
  doi     = {10.1007/BF02289088},
  journal = {Psychometrika},
  number  = {1},
  pages   = {79--88},
  title   = {A method of scalogram analysis using summary statistics},
  volume  = {21},
  year    = {1956},
  file    = {A method of scalogram analysis using summary statistics:M\:/pc/Dokumenter/MSc/Thesis/Bibliography/Green (1956).pdf:PDF}
}
@article{grohmann:2015,
  author  = {Antonia Grohmann and Roy Kouwenberg and Lukas Menkhoff},
  doi     = {10.1016/j.joep.2015.09.002},
  journal = {Journal of Economic Psychology},
  pages   = {114--133},
  title   = {Childhood roots of financial literacy},
  volume  = {51},
  year    = {2015},
  file    = {Childhood roots of financial literacy:Grohmann, Kouwenberg & Menkhoff (2015).pdf:PDF}
}
@article{grohmann:2016,
  author  = {Antonia Grohmann},
  journal = {{DIW} Economic Bulletin},
  number  = {46/47},
  pages   = {531--537},
  title   = {The gender gap in financial literacy: Income, education, and experience offer only partial explanations},
  volume  = {6},
  year    = {2016},
  url     = {https://www.econstor.eu/bitstream/10419/148080/1/872886581.pdf},
  file    = {The gender gap in financial literacy\: Income, education, and experience offer only partial explanations:Grohmann (2016).pdf:PDF}
}
@article{grohmann:2018,
  author  = {Antonia Grohmann and Theres Klühs and Lukas Menkhoff},
  doi     = {10.1016/j.worlddev.2018.06.020},
  journal = {World Development},
  pages   = {84--96},
  title   = {Does financial literacy improve financial inclusion? {Cross} country evidence},
  volume  = {111},
  year    = {2018},
  file    = {Does financial literacy improve financial inclusion? Cross country evidence:Grohmann, Kluhs & Menkhoff (2018).pdf:PDF}
}
@article{grund:2016,
  author  = {Simon Grund and Oliver L{\"u}dtke and Alexander Robitzsch},
  doi     = {10.1177/2158244016668220},
  journal = {{SAGE} Open},
  pages   = {1--17},
  title   = {Multiple imputation of multilevel missing data: An introduction to the {R} package pan},
  year    = {2016},
  file    = {Multiple imputation of multilevel missing data\: An introduction to the R package pan:M\:/pc/Dokumenter/MSc/Thesis/Bibliography/Grund, Ludtke & Robitzsch (2016).pdf:PDF}
}
@article{grund:2018,
  author  = {Simon Grund and Oliver L{\"u}dtke and Alexander Robitzsch},
  doi     = {10.1177/1094428117703686},
  journal = {Organizational Research Methods},
  number  = {1},
  pages   = {111--149},
  title   = {Multiple imputation of missing data for multilevel models: Simulations and recommendations},
  volume  = {21},
  year    = {2018},
  file    = {Multiple imputation of missing data for multilevel models\: Simulations and recommendations:M\:/pc/Dokumenter/MSc/Thesis/Bibliography/Grund, Ludtke & Robitzsch (2018).pdf:PDF}
}
@article{grund:2020,
  author  = {Simon Grund and Oliver L{\"u}dtke and Alexander Robitzsch},
  doi     = {10.3102/1076998620959058},
  journal = {Journal of Educational and Behavioral Statistics},
  pages   = {1--36},
  title   = {On the treatment of missing data in background questionnaires in educational large-scale assessments: An evaluation of different procedures},
  year    = {2020},
  file    = {On the treatment of missing data in background questionnaires in educational large-scale assessments\: An evaluation of different procedures:M\:/pc/Dokumenter/MSc/Thesis/Bibliography/Grund, Ludtke & Robitzsch (2020).pdf:PDF}
}
@article{grund:2021,
  author  = {Simon Grund and Oliver L{\"u}dtke and Alexander Robitzsch},
  doi     = {10.31234/osf.io/d459g},
  journal = {{PsyArXiv Preprints}},
  pages   = {1--37},
  title   = {Pooling methods for likelihood ratio tests in multiply imputed data sets},
  year    = {2021},
  file    = {Pooling methods for likelihood ratio tests in multiply imputed data sets:M\:/pc/Dokumenter/MSc/Thesis/Bibliography/Grund, Ludtke & Robitzsch (2021).pdf:PDF}
}
@article{gudmunson:2011,
  author  = {Clinton G. Gudmunson and Sharon M. Danes},
  doi     = {10.1007/s10834-011-9275-y},
  journal = {Journal of Family and Economic Issues},
  number  = {4},
  pages   = {644--667},
  title   = {Family financial socialization: Theory and critical review},
  volume  = {32},
  year    = {2011},
  file    = {Family financial socialization\: Theory and critical review:M\:/pc/Dokumenter/MSc/Thesis/Bibliography/Gudmunson & Danes (2011).pdf:PDF}
}
@inbook{gudmunson:2016,
  author    = {Clinton G. Gudmunson and Sara K. Ray and Jing Jian Xiao},
  booktitle = {Handbook of consumer finance research},
  editor    = {J. J. Xiao},
  pages     = {61--72},
  publisher = {Springer},
  title     = {Financial socialization},
  year      = {2016},
  doi       = {10.1007/978-3-319-28887-1_5},
  file      = {Financial socialization:Gudmunson, Ray & Xiao (2016).pdf:PDF}
}
@article{guest:2018,
  author  = {Ross Guest and Mark Brimble},
  journal = {Policy: A Journal of Public Policy and Ideas},
  number  = {1},
  pages   = {3--7},
  title   = {Financial literacy 101},
  volume  = {34},
  year    = {2018},
  url     = {https://www.cis.org.au/app/uploads/2018/03/34-1-guest-brimble.pdf},
  file    = {Financial literacy 101:Guest & Brimble (2018).pdf:PDF}
}
@article{guttman:1944,
  author  = {Louis Guttman},
  doi     = {10.2307/2086306},
  journal = {American Sociological Review},
  number  = {2},
  pages   = {139--150},
  title   = {A basis for scaling qualitative data},
  volume  = {9},
  year    = {1944},
  file    = {A basis for scaling qualitative data:M\:/pc/Dokumenter/MSc/Thesis/Bibliography/Guttman (1944).pdf:PDF}
}
@article{hale:2021,
  author = {Galina Hale and Tali Regev and Yona Rubinstein},
  pages  = {1--45},
  title  = {Do looks matter for an academic career in economics?},
  year   = {2021},
  url    = {https://www.dropbox.com/s/j43okuoakvsm36h/Pretty2021Jan29.pdf},
  file   = {Do looks matter for an academic career in economics?:M\:/pc/Dokumenter/MSc/Thesis/Bibliography/Hale, Regev & Rubinstein (2021).pdf:PDF}
}
@article{hanushek:2012a,
  author  = {Eric A. Hanushek and Ludger Woessmann},
  doi     = {10.1007/s10887-012-9081-x},
  journal = {Journal of Economic Growth},
  number  = {4},
  pages   = {267--321},
  title   = {Do better schools lead to more growth? {Cognitive} skills, economic outcomes, and causation},
  volume  = {17},
  year    = {2012},
  file    = {Do better schools lead to more growth? Cognitive skills, economic outcomes, and causation:M\:/pc/Dokumenter/MSc/Thesis/Bibliography/Hanushek & Woessmann (2012a).pdf:PDF}
}
@article{hanushek:2012b,
  author  = {Eric A. Hanushek and Ludger Woessmann},
  doi     = {10.1016/j.jdeveco.2012.06.004},
  journal = {Journal of Development Economics},
  number  = {2},
  pages   = {497--512},
  title   = {Schooling, educational achievement, and the {Latin American} growth puzzle},
  volume  = {99},
  year    = {2012},
  file    = {Schooling, educational achievement, and the Latin American growth puzzle:M\:/pc/Dokumenter/MSc/Thesis/Bibliography/Hanushek & Woessmann (2012b).pdf:PDF}
}
@inbook{happ:2016,
  author    = {Roland Happ and Olga Zlatkin-Troitschanskaia and Klaus Beck and Manuel F{\"o}rster},
  booktitle = {Economic competence and financial literacy of young adults},
  editor    = {Eveline Wuttke and J{\"u}rgen Seifried and Stephan Schumann},
  pages     = {193--210},
  publisher = {Verlag Barbara Budrich},
  title     = {Increasing heterogeneity in students' prior economic content knowledge--{Impact} on and implications for teaching in higher education},
  year      = {2016},
  doi       = {10.2307/j.ctvbkk29d.12},
  file      = {Increasing heterogeneity in students prior economic content knowledge--impact on and implications for teaching in higher education:Happ, Zlatkin-Troitschanskia, Beck & Forster (2016).pdf:PDF}
}
@article{hastings:2013,
  author  = {Justine S. Hastings and Brigitte C. Madrian and William L. Skimmyhorn},
  doi     = {10.1146/annurev-economics-082312-125807},
  journal = {Annual Review of Economics},
  number  = {1},
  pages   = {347--373},
  title   = {Financial literacy, financial education, and economic outcomes},
  volume  = {5},
  year    = {2013},
  file    = {Financial literacy, finnci education, and economic outcomes (2013):Hastings, Madrian & Skimmyhorn (2013).pdf:PDF}
}

@book{hdr:data,
  author    = {{UN}},
  publisher = {{The United Nations}},
  title     = {Human Development Reports \normalfont{[Data set]}},
  year      = {2020},
  url       = {http://hdr.undp.org/en/data}
}
@article{henderson:2020,
  author  = {Gail E Henderson and Pamela Beach and Lucy Sun and McConnel},
  doi     = {10.1177/2047173420961031},
  journal = {Citizenship, Social and Economics Education},
  pages   = {204717342096103},
  title   = {Does the content of financial literacy education resources vary based on who made or paid for them?},
  year    = {2020},
  file    = {Does the content of financial literacy education resources vary based on who made or paid for them?:M\:/pc/Dokumenter/MSc/Thesis/Bibliography/Henderson, Beach, Sun & McConnel (2020).pdf:PDF}
}
@inbook{hira:2016,
  author    = {Tahira K. Hira},
  booktitle = {Handbook of consumer finance research},
  editor    = {J. J. Xiao},
  pages     = {357--366},
  publisher = {Springer},
  title     = {Financial sustainability and personal finance education},
  year      = {2016},
  doi       = {10.1007/978-3-319-28887-1_29},
  file      = {Financial sustainability and personal finance education:Hira (2016).pdf:PDF}
}
@article{ho:2020,
  author  = {Chun Sing Maxwell Ho and Hui Lin Daphnee Lee},
  doi     = {10.1007/s10833-020-09396-x},
  journal = {Journal of Educational Change},
  pages   = {1--24},
  title   = {Integrating positive financial attitudes to nurture students' identity as informed financial decision-makers in high power distance {Chinese} contexts},
  year    = {2020},
  file    = {Integrating positive financial attitudes to nurture students' identity as informed financial decision-makers in high power distance Chinese contexts:Ho & Lee (2020).pdf:PDF}
}
@inbook{holtsch:2016,
  author    = {Doreen Holtsch and Franz Eberle},
  booktitle = {Economic competence and financial literacy of young adults},
  editor    = {Eveline Wuttke and J{\"u}rgen Seifried and Stephan Schumann},
  pages     = {101--120},
  publisher = {Verlag Barbara Budrich},
  title     = {Learners' economic competence in {Switzerland}: Conceptual foundations and considerations for measurement},
  year      = {2016},
  doi       = {10.2307/j.ctvbkk29d.8},
  file      = {Learners' economic competence in Switzerland\; Conceptual foundations and considerations for measurement:Holtsch & Eberle (2016).pdf:PDF}
}
@techreport{hospido:2021,
  author      = {Laura Hospido and Sara Izquierdo and Margarita Machelett},
  institution = {Banco de Espa{\~n}a},
  title       = {The gender gap in financial competences},
  year        = {2021},
  type        = {Economic Bulletin 1/2021},
  file        = {The gender gap in financial competences:M\:/pc/Dokumenter/MSc/Thesis/Bibliography/Hospido, Izquierdo & Machelett (2021).pdf:PDF},
  url         = {https://www.bde.es/f/webbde/SES/Secciones/Publicaciones/InformesBoletinesRevistas/ArticulosAnaliticos/21/T1/descargar/Files/be2101-art05e.pdf}
}
@article{hox:2010,
  author  = {Joop J. Hox and Cora J. M. Maas and Matthieu J. S. Brinkhuis},
  doi     = {10.1111/j.1467-9574.2009.00445.x},
  journal = {Statistica Neerlandica},
  number  = {2},
  pages   = {157--170},
  title   = {The effect of estimation method and sample size in multilevel structural equation modeling},
  volume  = {64},
  year    = {2010},
  file    = {The effect of estimation method and sample size in multilevel structural equation modeling:/home/tony/uio/pc/Dokumenter/MSc/Thesis/Bibliography/Hox, Maas & Brinkhuis (2010).pdf:PDF}
}
@article{hu:1999,
  author  = {Li-tze Hu and Peter M. Bentler},
  doi     = {10.1080/10705519909540118},
  journal = {Structural Equation Modeling: A Multidisciplinary Journal},
  number  = {1},
  pages   = {1--55},
  title   = {Cutoff criteria for fit indexes in covariance structure analysis: Conventional criteria versus new alternatives},
  volume  = {6},
  year    = {1999},
  file    = {Cutoff criteria for fit indexes in covariance structure analysis\: Conventional criteria versus new alternatives:M\:/pc/Dokumenter/MSc/Thesis/Bibliography/Hu & Bentler (1999).pdf:PDF}
}
@incollection{huber:1967,
  author    = {Peter J. Huber},
  booktitle = {Proceedings of the fifth {Berkeley} symposium on mathematical statistics and probability},
  publisher = {University of California Press},
  title     = {The behavior of maximum likelihood estimates under nonstandard conditions},
  year      = {1967},
  editor    = {Jucien M. {Le Cam} and Jerzy Neyman},
  pages     = {221--233},
  volume    = {1: Theory of statistics},
  file      = {The behavior of maximum likelihood estimates under nonstandard conditions:/home/tony/uio/pc/Dokumenter/MSc/Thesis/Bibliography/Huber (1967).pdf:PDF},
  url       = {https://digitalassets.lib.berkeley.edu/math/ucb/text/math_s5_v1_article-13.pdf}
}
@book{hunt:2020,
  author    = {Angela Yvonne Hunt},
  publisher = {{ProQuest} Dissertations Publishing},
  title     = {Development and evaluation of a study measuring financial knowledge, behaviors, skills, attitudes, and desires of economically disadvantaged first-generation college students \normalfont{(Publication No. 28257083) [Doctoral dissertation, Wilmington University (Delaware)]}},
  year      = {2020},
  url       = {https://search.proquest.com/openview/22d5bf392f41dbb292e08d6de66b13f8/},
  file      = {Development and evaluation of a study measuring financial knowledge, behaviors, skills, attitudes, and desires of economically disadvantaged first-generation college students:M\:/pc/Dokumenter/MSc/Thesis/Bibliography/Hunt (2020).pdf:PDF}
}
@article{huston:2010,
  author  = {Sandra J. Huston},
  doi     = {10.1111/j.1745-6606.2010.01170.x},
  journal = {Journal of Consumer Affairs},
  number  = {2},
  pages   = {296--316},
  title   = {Measuring financial literacy},
  volume  = {44},
  year    = {2010},
  file    = {Measuring financial literacy:Huston (2010).pdf:PDF}
}
@article{huston:2012,
  author  = {Sandra J. Huston},
  doi     = {10.1111/j.1470-6431.2012.01122.x},
  journal = {International Journal of Consumer Studies},
  number  = {5},
  pages   = {566--572},
  title   = {Financial literacy and the cost of borrowing},
  volume  = {36},
  year    = {2012},
  file    = {Financial literacy and the cost of borrowing:/home/tony/uio/pc/Dokumenter/MSc/Thesis/Bibliography/Huston (2012).pdf:PDF}
}
@article{ibarra:2019,
  author  = {Gabriel Lara Ibarra and David {McKenzie} and Claudia {Ruiz-Ortega}},
  doi     = {10.1093/wber/lhz045},
  journal = {World Bank Economic Review},
  pages   = {1--28},
  title   = {Estimating Treatment Effects with Big Data When Take-up is Low: An Application to Financial Education},
  year    = {2019},
  file    = {Estimating treatment effects with big data when take-up is low\: An application to financial literacy:Ibarra, McKenzie & Ruiz-Ortega (2019).pdf:PDF}
}

@article{indefenso:2020,
  author  = {Edmar E. Indefenso and Alberto D. Yazon},
  doi     = {10.13189/ujer.2020.081005},
  journal = {Universal Journal of Educational Research},
  number  = {10},
  pages   = {4393--4399},
  title   = {Numeracy level, mathematics problem skills, and financial literacy},
  volume  = {8},
  year    = {2020},
  file    = {Numeracy level, mathematics problem skills, and financial literacy:M\:/pc/Dokumenter/MSc/Thesis/Bibliography/Indefenso & Yazon (2020).pdf:PDF}
}

@article{intsvy,
  author  = {Daniel H. Caro and Przemys\l{}aw Biecek},
  doi     = {10.18637/jss.v081.i07},
  journal = {Journal of Statistical Software},
  number  = {7},
  pages   = {1--44},
  title   = {\pk{intsvy}: An \cR package for analyzing international large-scale assessment data},
  volume  = {81},
  year    = {2017}
}
@article{janssen:2019,
  author  = {Jeroen H. M. Janssen and Saskia {van Laar} and Mark J. {de Rooij} and Jouni Kuha and Zsuzsa Bakk},
  doi     = {10.1080/10705511.2018.1541745},
  journal = {Structural Equation Modeling: A Multidisciplinary Journal},
  pages   = {280--290},
  title   = {The detection and modeling of direct effects in latent class analysis},
  volume  = {26},
  year    = {2019},
  file    = {The detection and modeling of direct effects in atent class analysis:Janssen, van Laar, de Rooij, Kuha & Bakk (2019).pdf:PDF}
}
@article{jappelli:2010,
  author  = {Tullio Jappelli},
  doi     = {10.1111/j.1468-0297.2010.02397.x},
  journal = {The Economic Journal},
  number  = {548},
  pages   = {F429--F451},
  title   = {Economic literacy: An international comparison},
  volume  = {120},
  year    = {2010},
  file    = {Economic literacy\: An international comparison:Jappelli (2010).pdf:PDF}
}
@article{jappelli:2013,
  author  = {Tullio Jappelli and Mario Padula},
  doi     = {10.1016/j.jbankfin.2013.03.019},
  journal = {Journal of Banking \& Finance},
  number  = {8},
  pages   = {2779--2792},
  title   = {Investment in financial literacy and saving decisions},
  volume  = {37},
  year    = {2013},
  file    = {Investment in financial literacy and saving decisions:Jappelli & Padula (2013).pdf:PDF}
}
@article{jappelli:2015,
  author  = {Tullio Jappelli and Mario Padula},
  doi     = {10.1017/s1474747214000377},
  journal = {Journal of Pension Economics and Finance},
  number  = {4},
  pages   = {369--411},
  title   = {Investment in financial literacy, social security, and portfolio choice},
  volume  = {14},
  year    = {2015},
  file    = {Investment in financial literacy, social security, and portfolio choice:Jappelli & Padula (2015).pdf:PDF}
}
@article{jerrim:2017,
  author  = {John Jerrim and Luis Alejandro Lopez-Agudo and Oscar D. Marcenaro-Gutierrez and Nikki Shure},
  doi     = {10.1016/j.econedurev.2017.09.007},
  journal = {Economics of Education Review},
  pages   = {51--58},
  title   = {What happens when econometrics and psychometrics collide? An example using the {PISA} data},
  volume  = {61},
  year    = {2017},
  file    = {What happens when econometrics and psychometrics collide? An example using the PISA data:M\:/pc/Dokumenter/MSc/Thesis/Bibliography/Jerrim, Lopez-Agudo, Marcenaro-Gutierrez & Shure (2017).pdf:PDF}
}
@article{jorgensen:2010,
  author  = {Bryce L. Jorgensen and Jyoti Savla},
  doi     = {10.1111/j.1741-3729.2010.00616.x},
  journal = {Family Relations},
  number  = {4},
  pages   = {465--478},
  title   = {Financial literacy of young adults: The importance of parental socialization},
  volume  = {59},
  year    = {2010},
  file    = {Financial literacy of young adults\: The importance of parental socialization:M\:/pc/Dokumenter/MSc/Thesis/Bibliography/Jorgensen & Savla (2010).pdf:PDF}
}
@inbook{jüttler:2016,
  author    = {Andreas J{\"u}ttler and Stephan Schumann},
  booktitle = {Economic competence and financial literacy of young adults},
  editor    = {Eveline Wuttke and J{\"u}rgen Seifried and Stephan Schumann},
  pages     = {121--148},
  publisher = {Verlag Barbara Budrich},
  title     = {Effects of students sociocultural background on economic competencies in upper secondary education},
  year      = {2016},
  doi       = {10.2307/j.ctvbkk29d.9},
  file      = {Effects of students sociocultural background on economic competencies in upper secondary education:Jutter & Schumann (2016).pdf:PDF}
}
@article{kaiser:2020,
  author  = {Tim Kaiser and Lukas Menkhoff},
  doi     = {10.1016/j.econedurev.2019.101930},
  journal = {Economics of Education Review},
  pages   = {1--15},
  title   = {Financial education in schools: A meta-analysis of experimental studies},
  volume  = {78},
  year    = {2020},
  file    = {Financial education in schools\: A meta-analysis of experimental studies:/home/tony/uio/pc/Dokumenter/MSc/Thesis/Bibliography/Kaiser & Menkhoff (2020).pdf:PDF}
}
@article{kalmi:2018,
  author  = {Panu Kalmi and Olli-Pekka Ruuskanen},
  doi     = {10.1017/s1474747217000270},
  journal = {Journal of Pension Economics and Finance},
  number  = {3},
  pages   = {335--362},
  title   = {Financial literacy and retirement planning in {Finland}},
  volume  = {17},
  year    = {2018},
  file    = {Financial literacy and retirement planning in Finland:Kalmi & Ruuskanen (2018).pdf:PDF}
}
@book{kaplan:2009,
  author    = {David Kaplan},
  publisher = {{SAGE}},
  title     = {Structural equation modeling: Foundations and extensions},
  year      = {2009},
  doi       = {10.4135/9781452226576},
  edition   = {2nd ed.},
  pages     = {133--153}
}
@article{karakurumozdemir:2019,
  author  = {Kamer {Karakurum-Ozdemir} and Melike Kokkizil and Gokce Uysal},
  doi     = {10.1007/s11205-018-1952-x},
  journal = {Social Indicators Research},
  number  = {1},
  pages   = {325--353},
  title   = {Financial literacy in developing countries},
  volume  = {143},
  year    = {2019},
  file    = {Financial literacy in developing countries:Karakurum-Ozdemir, Kokkizil & Uysal (2019).pdf:PDF}
}
@article{kell:2014,
  author  = {Peter Kell},
  journal = {Governance Directions},
  number  = {11},
  pages   = {685--688},
  title   = {Early financial literacy education key to informed financial decisions},
  volume  = {66},
  year    = {2014},
  url     = {https://search.informit.com.au/documentSummary;dn=791221674677151;res=IELAPA},
  file    = {Early financial literacy education key to informed finacial decisions:Kell (2014).pdf:PDF}
}

@article{kenayathulla:2020,
  author  = {Husaina Banu Kenayathula and Sharmila Nair and Mohd Nazri Abdul Rahman and Norfariza Mohd Radzi},
  journal = {Malaysian Online Journal of Educational Management},
  number  = {3},
  pages   = {82--102},
  title   = {Financial literacy of undergraduate students in selected {Malaysian} high education institutions: A way forward to policy recommendations},
  volume  = {8},
  year    = {2020},
  url     = {https://mojem.um.edu.my/article/view/24711/11801},
  file    = {Financial literacy of undergraduate students in selected Malaysian high education institutions\: A way forward to policy recommendations:Kenayathulla, Nair, Rahman & Radzi (2020).pdf:PDF}
}
@article{khalil:2020,
  author  = {Medhat Khalil},
  doi     = {10.1177/2047173420948411},
  journal = {Citizenship, Social and Economics Education},
  pages   = {1--14},
  title   = {Financial citizenship as a broader democratic context of financial literacy},
  year    = {2020},
  file    = {Financial citizenship as a broader democratic context of financial literacy:M\:/pc/Dokumenter/MSc/Thesis/Bibliography/Khalil (2020).pdf:PDF}
}
@article{khan:2017,
  author  = {Mohammad Nuruzzaman Khan and David W. Rothwell and Katrina Cherney and Tamara Sussman},
  doi     = {10.1080/01634372.2017.1317311},
  journal = {Journal of Gerontological Social Work},
  number  = {6-7},
  pages   = {487--503},
  title   = {Understanding the financial knowledge gap: A new dimension of inequality in later life},
  volume  = {60},
  year    = {2017},
  file    = {Understanding the financial knowedge gap\: A new dimension of inequality in later life:Khan, Rothwell, Cherney & Sussman (2017).pdf:PDF}
}
@article{khoirunnisaa:2020,
  author  = {Jihaan Khoirunnisaa and Irni Rahmayani Johan},
  doi     = {10.29244/jcs.5.2.73-86},
  journal = {Journal of Consumer Sciences},
  number  = {2},
  pages   = {73--86},
  title   = {The effects of financial literacy and self-control towards financial behavior among high school students in {Bogor}},
  volume  = {5},
  year    = {2020},
  file    = {The effects of financial literacy and self-control towards financial behavior among high school students in Bogor:M\:/pc/Dokumenter/MSc/Thesis/Bibliography/Khoirunnisaa & Johan (2020).pdf:PDF}
}
@article{kiliyanni:2016,
  author  = {Abdul Latheef Kiliyanni and Sunitha Sivaraman},
  doi     = {10.1016/j.iree.2016.07.001},
  journal = {International Review of Economics Education},
  pages   = {47--64},
  title   = {The perception-reality gap in financial literacy: Evidence from the most literate state in {India}},
  volume  = {23},
  year    = {2016},
  file    = {The perception-reality gap in financial literacy\: Evidence from the most literate state in India:Kiliyanni & Sivaraman (2016).pdf:PDF}
}
@article{kim:2020,
  author  = {Kyoung Tae Kim and Jonghee Lee and Sherman D. Hanna},
  doi     = {10.1111/joca.12287},
  journal = {Journal of Consumer Affairs},
  number  = {2},
  pages   = {517--540},
  title   = {The effects of financial literacy overconfidence on the mortgage delinquency of {US} households},
  volume  = {54},
  year    = {2020},
  file    = {The effect of financial literacy overconfidence on the mortgage delinguency of US households:Kim, Lee & Hanna (2020).pdf:PDF}
}
@article{klapper:2019,
  author  = {Leora Klapper and Annamaria Lusardi},
  doi     = {10.1111/fima.12283},
  journal = {Financial Management},
  pages   = {1--26},
  title   = {Financial literacy and financial resilience: Evidence from around the world},
  year    = {2019},
  file    = {Financial literacy and financial resilience\: Evidence from around the world:Klapper & Lusardi (2019).pdf:PDF}
}
@inbook{klieme:2020,
  author    = {Eckhard Klieme},
  booktitle = {International perspectives in educational effectiveness research},
  editor    = {James Hal and Ariel indorff and Pamela Sammons},
  pages     = {147--181},
  publisher = {Springer},
  title     = {Policies and practices of assessment: A showcase for the use (and misuse) of international large scale assessments in educational effectiveness research},
  year      = {2020},
  doi       = {10.1007/978-3-030-44810-3_7},
  file      = {Policies and practices of assessment\: A showcase for the use (and misuse) of internationa large scae assessments in educational effectiveness research:Klieme (2020).pdf:PDF}
}
@inbook{kosor:2020,
  author    = {Maja Mihaljevi{\'c} Kosor and J. Pavi\v{c}i{\'c} and Nik\v{s}a Alfirevi{\'c}},
  booktitle = {Educational leadership, improvement and change: Discourse and systems in {Europe}},
  editor    = {Lejf Moos and Nik\v{s}a Alfirevi{\'c} and Jurica Pavi\v{c}i{\'c} and Andrej Koren and Ljiljana Najev \v{C}a\v{c}ija},
  pages     = {89--102},
  publisher = {Springer},
  title     = {The role of international benchmarking in the convergence/divergence of {European} education},
  year      = {2020},
  doi       = {10.1007/978-3-030-47020-3_7},
  file      = {The role of international benchmarking in the convergence/divergence of European education:Kosor, Pavicic & Alfirevic (2020).pdf:PDF}
}
@article{kunovskaya:2014,
  author  = {Irina A. Kunovskaya and Brenda J. Cude and Natalia Alexeev},
  doi     = {10.1007/s10834-013-9386-8},
  journal = {Journal of Family and Economic Issues},
  number  = {4},
  pages   = {516--531},
  title   = {Evaluation of a financial literacy test using classical test theory and item response theory},
  volume  = {35},
  year    = {2014},
  file    = {Evaluation of a financial literacy test using classical test theory and item response theory:Kunovskaya, Cude & Aexeev (2014).pdf:PDF}
}
@article{kutsyuruba:2015,
  author  = {Benjamin Kutsyuruba and Don A. Klinger and Alicia Hussain},
  doi     = {10.1002/rev3.3043},
  journal = {Review of Education},
  number  = {2},
  pages   = {103--135},
  title   = {Relationships among school climate, school safety, and student achievement and well-being: A review of the literature},
  volume  = {3},
  year    = {2015},
  file    = {Relationships among school climate, school safety, and student achievement and well-being\: A review of the literature:M\:/pc/Dokumenter/MSc/Thesis/Bibliography/Kutsyuruba, Klinger & Hussain (2015).pdf:PDF}
}
@book{lambert:2018,
  author    = {Ben Lambert},
  publisher = {SAGE},
  title     = {A student's guide to {Bayesian} statistics},
  year      = {2018}
}
@article{laukaityte:2018,
  author  = {Inga Laukaityte and Marie Wiberg},
  doi     = {10.1080/03610926.2017.1383429},
  journal = {Communications in Statistics---Theory and Methods},
  number  = {20},
  pages   = {4991--5012},
  title   = {Importance of sampling weights in multilevel modeling of international large-scale assessment data},
  volume  = {47},
  year    = {2018},
  file    = {Importance of sampling weights in multilevel modeling of international large-scale assessment data:M\:/pc/Dokumenter/MSc/Thesis/Bibliography/Laukaityte & Wiberg (2018).pdf:PDF}
}

@inbook{leumann:2016,
  author    = {Seraina Leumann and Michael Heumann and Fatima Syed and Carmela Aprea},
  booktitle = {Economic competence and financial literacy of young adults},
  editor    = {Eveline Wuttke and J{\"u}rgen Seifried and Stephan Schumann},
  pages     = {19--40},
  publisher = {Verlag Barbara Budrich},
  title     = {Towards a comprehensive financial literacy framework: Voices from stakeholders in {European} vocational education and training},
  year      = {2016},
  doi       = {10.2307/j.ctvbkk29d.4},
  file      = {Towards a comprehensive financial literacy framework\: Voices from stakeholders in European vocationa education and training:Leumann, Heumann, Syed & Aprea (2016).pdf:PDF}
}
@article{li:2020a,
  author  = {Xiao Li},
  doi     = {10.1016/j.jbef.2020.100402},
  journal = {Journal of Behavioral and Experimental Finance},
  pages   = {100402},
  title   = {When financial literacy meets textual analysis: A conceptual review},
  year    = {2020},
  file    = {When financial literacy meets textual analysis\: A conceptual review:M\:/pc/Dokumenter/MSc/Thesis/Bibliography/Li (2020).pdf:PDF}
}
@article{li:2020b,
  author  = {Yi Li and Zhengwang Li and Fan Su and Qiteng Wang and Qian Wang},
  doi     = {10.1155/2020/6696312},
  journal = {Complexity},
  pages   = {1--12},
  title   = {Fintech penetration, financial literacy, and financial decision-making: empirical analysis based on tar},
  volume  = {2020},
  year    = {2020},
  file    = {Fintech penetration, financial literacy, and financial decision-making\: Empirical analysis based on tar:M\:/pc/Dokumenter/MSc/Thesis/Bibliography/Li, Li, Su, Wang & Wang (2020).pdf:PDF}
}
@article{li:2021,
  author  = {Meijuan Li and Mengfei Cai and Haoyu Zhong and Hongyun Liu},
  doi     = {10.1007/s12144-020-01263-5},
  journal = {Current Psychology},
  pages   = {1--14},
  title   = {Comparisons of academic achievements of one-only children vs. children with siblings in {China}},
  year    = {2021},
  file    = {Comparisons of academic achievements of one-only children vs children with siblings in China:M\:/pc/Dokumenter/MSc/Thesis/Bibliography/Li, Cai, Zhong & Liu (2021).pdf:PDF}
}

@article{liaqat:2020,
  author  = {Faiza Liaqat and Khalid Mahmood and Fouzia Hadi Ali},
  doi     = {10.1177/0266666920939601},
  journal = {Information Development},
  pages   = {1--13},
  title   = {Demographic and socio-economic differences in financial information literacy among university students},
  year    = {2020},
  file    = {Demographic and socio-economic differences in financial information literacy among university students:Liaqat, Mahmood & Ali (2020).pdf:PDF}
}
@book{little:2019,
  author    = {Roderick J. A. Little and Donald B. Rubin},
  publisher = {Wiley},
  title     = {Statistical analysis with missing data},
  year      = {2019},
  doi       = {10.1002/9781119482260},
  edition   = {3rd ed.}
}
@article{longobardi:2017,
  author  = {Sergio Longobardi and Margherita Maria Pagliuca and Andrea Regoli},
  journal = {Economics Bulletin},
  number  = {4},
  pages   = {2585--2594},
  title   = {Family background and financial literacy of {Italian} students: The mediating role of attitudes and motivations},
  volume  = {37},
  year    = {2017},
  url     = {http://www.accessecon.com/Pubs/EB/2017/Volume37/EB-17-V37-I4-P232.pdf},
  file    = {Family background and financial literacy of Italian students\: The mediating role of attitudes and motivations:/home/tony/uio/pc/Dokumenter/MSc/Thesis/Bibliography/Longobardi, Pagliuca & Regoli (2017).pdf:PDF}
}
@article{longobardi:2018,
  author  = {Sergio Longobardi and Margherita Maria Pagliuca and Andrea Regoli},
  doi     = {10.1007/s11135-017-0545-0},
  journal = {Quality {\&} Quantity},
  number  = {4},
  pages   = {1677--1705},
  title   = {Can problem-solving attitudes explain the gender gap in financial literacy? {Evidence} from {Italian} students' data},
  volume  = {52},
  year    = {2018},
  file    = {Can problem-solving attitudes explain the gender gap in financia literacy? Evidence from Italian students' data:Longobardi, Pagliuca & Regoli (2018).pdf:PDF}
}
@article{loprete:2013,
  author  = {Anna {Lo Prete}},
  doi     = {10.1016/j.econlet.2012.09.029},
  journal = {Economics Letters},
  number  = {1},
  pages   = {74--76},
  title   = {Economic literacy, inequality, and financial development},
  volume  = {118},
  year    = {2013},
  sortkey = {{Prete, Anna lo}},
  file    = {Time inconsistency and retirement planning:/home/tony/uio/pc/Dokumenter/MSc/Thesis/Bibliography/Lo Prete (2013).pdf:PDF}
}
@article{ludemann:2013,
  author  = {Elke L{\"u}demann and Guido Schwerdt},
  doi     = {10.1007/s00148-012-0414-z},
  journal = {Journal of Population Economics},
  pages   = {455--481},
  title   = {Migration background and educational tracking: Is there a double disadvantage for second-generation immigrants?},
  volume  = {26},
  year    = {2013},
  file    = {Migration background and educational tracking\: Is there a double disadvantage for second-generation immigrants?:/home/tony/uio/pc/Dokumenter/MSc/Thesis/Bibliography/Ludemann & Schwerdt (2013).pdf:PDF}
}
@article{ludtke:2008,
  author  = {Oliver L{\"u}dtke and Herbert W. Marsh and Alexander Robitzsch and Ulrich Trautwein and Tihomir Asparouhov and Bengt Muth{\'e}n},
  doi     = {10.1037/a0012869},
  journal = {Psychological Methods},
  number  = {3},
  pages   = {203--229},
  title   = {The multilevel latent covariate model: A new, more reliable approach to group-level effects in contextual studies},
  volume  = {13},
  year    = {2008},
  file    = {The multilevel latent covariance model\: A new, more reliable approach to group-level effects in contextual studies:M\:/pc/Dokumenter/MSc/Thesis/Bibliography/Ludtke, Marsh, Robitzsch, Trautwein, Asparouhov & Buthen (2008).pdf:PDF}
}
@article{luedtke:2017,
  author  = {Oliver L{\"u}dtke and Alexander Robitzsch and Simon Grund},
  doi     = {10.1037/met0000096},
  journal = {Psychological Methods},
  number  = {1},
  pages   = {141--165},
  title   = {Multiple imputation of missing data in multilevel designs: A comparison of different strategies},
  volume  = {22},
  year    = {2016},
  file    = {Multiple imputation of missing data in multilevel designs\: A comparison of different strategies:M\:/pc/Dokumenter/MSc/Thesis/Bibliography/Ludtke, Robitzsch & Grund (2016).pdf:PDF}
}

@article{lukac:2020,
  author  = {Jozef Luk{\'a}{\v{c}} and Lenka Dankov{\'a} and Slavom{\'i}ra Sta{\v{s}}kov{\'a} and Marek Mehe{\v{s}} and Zuzana Kudlov{\'a}},
  doi     = {http://new.dti.sk/data/files/file-1606483321-5fc0fd79e516d.pdf#page=183},
  journal = {Acta Educationis Generalis},
  number  = {3},
  pages   = {175--188},
  title   = {Exploring the quality of pupils' financial literacy},
  volume  = {10},
  year    = {2020},
  file    = {Exploring the quality of pupils' financial literacy:M\:/pc/Dokumenter/MSc/Thesis/Bibliography/Lukac, Dankova, Staskova, Mehes & Kudlova (2020).pdf:PDF}
}
@article{lusardi:2007,
  author  = {Annamaria Lusardi and Olivia S. Mitchell},
  doi     = {10.1016/j.jmoneco.2006.12.001},
  journal = {Journal of Monetary Economics},
  number  = {1},
  pages   = {205--224},
  title   = {{Baby Boomer} retirement security: The roles of planning, financial literacy, and housing wealth},
  volume  = {54},
  year    = {2007},
  file    = {Baby Boomer reitrement security\: The roles of panning, financia literacy, and housing wealth:Lusardi & Mitchell (2007).pdf:PDF}
}
@article{lusardi:2008,
  author  = {Annamaria Lusardi and Olivia S Mitchell},
  doi     = {10.1257/aer.98.2.413},
  journal = {American Economic Review: Papers \& Proceedings},
  number  = {2},
  pages   = {413--417},
  title   = {Planning and Financial Literacy: How Do Women Fare?},
  volume  = {98},
  year    = {2008},
  file    = {Planning and financial literacy\: How do women fare?:Lusardi & Mitchell (2008).pdf:PDF}
}
@article{lusardi:2010,
  author  = {Annamaria Lusardi and Olivia S. Mitchell and Vilsa Curto},
  doi     = {10.1111/j.1745-6606.2010.01173.x},
  journal = {Journal of Consumer Affairs},
  number  = {2},
  pages   = {358--380},
  title   = {Financial literacy among the young},
  volume  = {44},
  year    = {2010},
  file    = {Financial literacy among the young:Lusardi, Mitchell & Curto (2010).pdf:PDF}
}
@article{lusardi:2011,
  author  = {Annamaria Lusardi and Olivia S. Mitchell},
  doi     = {10.1017/s1474747211000448},
  journal = {Journal of Pension Economics and Finance},
  number  = {4},
  pages   = {497--508},
  title   = {Financial literacy around the world: An overview},
  volume  = {10},
  year    = {2011},
  file    = {Financial literacy around the world\: An overview:Lusardi & Mitchell (2011).pdf:PDF}
}
@article{lusardi:2012,
  author  = {Annamaria Lusardi},
  doi     = {10.5038/1936-4660.5.1.2},
  journal = {Numeracy},
  number  = {1},
  pages   = {1--12},
  title   = {Numeracy, financial literacy, and financial decision-making},
  volume  = {5},
  year    = {2012},
  file    = {Numeracy, financial literacy, and financial decision-making:Lusardi (2012).pdf:PDF}
}
@article{lusardi:2013,
  author  = {Annamaria Lusardi and Dorothy Wallace},
  doi     = {10.5038/1936-4660.6.2.1},
  journal = {Numeracy},
  number  = {2},
  pages   = {1--5},
  title   = {Financial Literacy and Quantitative Reasoning in the High School and College Classroom},
  volume  = {6},
  year    = {2013},
  file    = {Financial literacy and quantitative reasoning in the high school and college classroom:Lusardi & Wallace (2013).pdf:PDF}
}
@article{lusardi:2014,
  author  = {Annamaria Lusardi and Olivia S. Mitchell},
  doi     = {10.1257/jel.52.1.5},
  journal = {Journal of Economic Literature},
  number  = {1},
  pages   = {5--44},
  title   = {The Economic Importance of Financial Literacy: Theory and Evidence},
  volume  = {52},
  year    = {2014},
  file    = {The economic importance of financial literacy\: Theory and evidence:Lusardi & Mitchell (2014).pdf:PDF}
}
@article{lusardi:2015a,
  author  = {Annamaria Lusardi},
  doi     = {10.1111/joca.12099},
  journal = {Journal of Consumer Affairs},
  number  = {3},
  pages   = {639--659},
  title   = {Financial literacy skills for the {21st Century}: Evidence from {PISA}},
  volume  = {49},
  year    = {2015},
  file    = {Financial literacy skills for the 21st Century\: Evidence from PISA:Lusardi (2015a).pdf:PDF}
}

@article{lusardi:2015b,
  author  = {Annamaria Lusardi},
  doi     = {10.1007/s40797-015-0011-x},
  journal = {Italian Economic Journal},
  number  = {1},
  pages   = {5--23},
  title   = {Risk Literacy},
  volume  = {1},
  year    = {2015},
  file    = {Risk literacy:Lusardi (2015b).pdf:PDF}
}
@techreport{lusardi:2016,
  author      = {Annamaria Lusardi and Andrea Lopez},
  institution = {European Investment Bank Institute},
  title       = {Financial literacy among high school students in the {United States}: Evidence from the 2012 {Programme for International Student Assessment (PISA)}},
  year        = {2016},
  type        = {Working Paper},
  file        = {Financial literacy among high school students in United States\: Evidence from the 2012 Programme for International Student Assessment (PISA):Lusardi & Lopez {2016}.pdf:PDF},
  url         = {https://institute.eib.org/wp-content/uploads/2016/10/2012-pisa.pdf}
}
@article{lusardi:2017,
  author  = {Annamaria Lusardi and Anya Samek and Arie Kapteyn and Lewis Glinert and Angela Hung and Aileen Heinberg},
  doi     = {10.1017/S1474747215000323},
  journal = {Journal of Pension Economics and Finance},
  number  = {3},
  pages   = {297--323},
  title   = {Visual tools and narratives: New ways to improve financial literacy},
  volume  = {16},
  year    = {2017},
  file    = {Visual tools and narratives\: New ways to improve financial literacy:Lusardi, Samek, Kapteyn, Glinert, Hung & Heinberg (2017).pdf:PDF}
}
@article{lusardi:2019a,
  author  = {Annamaria Lusardi},
  doi     = {10.1186/s41937-019-0027-5},
  journal = {Swiss Journal of Economics and Statistics},
  number  = {1},
  pages   = {1--8},
  title   = {Financial literacy and the need for financial education: Evidence and implications},
  volume  = {155},
  year    = {2019},
  file    = {Financial literacy and the need for financial education\: Evidence and implications:Lusardi (2019).pdf:PDF}
}
@article{lusardi:2019b,
  author  = {Annamaria Lusardi and Pierre-Carl Michaud and Olivia S. Mitchell},
  doi     = {10.1016/j.econedurev.2019.05.006},
  journal = {Economics of Education Review},
  pages   = {101899},
  title   = {Assessing the impact of financial education programs: A quantitative model},
  year    = {2019},
  file    = {Assessing the impact of financial education programs\: A quantitative model:Lusardi, Michaud & Mitchell (2019).pdf:PDF}
}

@article{maccallum:1992,
  author  = {Robert C. MacCallum and Mary Roznowski and Lawrence B. Necowitz},
  doi     = {10.1037/0033-2909.111.3.490},
  journal = {Psychological Bulletin},
  number  = {3},
  pages   = {490--504},
  title   = {Model modifications in covariance structure analysis: The problem of capitalization on chance},
  volume  = {111},
  year    = {1992},
  file    = {Model modifications in covariance structure analysis\: The problem of capitalization on chance:M\:/pc/Dokumenter/MSc/Thesis/Bibliography/MacCullum, Roznowski & Necowitz (1992).pdf:PDF}
}

@article{mancebon:2015,
  author  = {Mar{\'i}a-Jes{\'u}s Manceb{\'o}n and Domingo P. {Xim{\'e}nez-de-Emb{\'u}n} and Jos{\'e}-Mar{\'i}a {G{\'o}mez-Sancho}},
  doi     = {10.2139/ssrn.2612606},
  journal = {{SSRN} Electronic Journal},
  title   = {What determines the financial literacy of young people? {An} analysis from {PISA} 2012},
  year    = {2015},
  file    = {What determines the financial literacy of young people? An analysis from PISA 2012:Mancebon, Ximenez-de-Embun & Gomez-Sancho (2015).pdf:PDF}
}
@article{mancebon:2019,
  author  = {Mar{\'i}a-Jes{\'u}s Manceb{\'o}n and Domingo P. {Xim{\'e}nez-de-Emb{\'u}n} and Mauro Mediavilla and Jos{\'e}-Mar{\'i}a {G{\'o}mez-Sancho}},
  doi     = {10.1111/ijcs.12502},
  journal = {International Journal of Consumer Studies},
  number  = {2},
  pages   = {227--235},
  title   = {Factors that influence the financial literacy of young {Spanish} consumers},
  volume  = {43},
  year    = {2019},
  file    = {Factors that influence the financial literacy of young Spanish consumers:Mancebon, Ximenez-de-Embun, Mediavilla & Gomez-Sancho (2019).pdf:PDF}
}
@article{mandell:2009,
  author  = {Lewis Mandell and Linda Schmid Klein},
  journal = {Journal of Financial Counseling and Planning},
  number  = {1},
  pages   = {15--24},
  title   = {The impact of financial literacy education on subsequent financial behavior},
  volume  = {20},
  year    = {2009},
  url     = {https://files.eric.ed.gov/fulltext/EJ859556.pdf},
  file    = {The impact of financial literacy education on subsequent financial behavior:Mandell & Klein (2009).pdf:PDF}
}
@article{mandmaa:2020,
  author  = {Sirli M{\"a}ndmaa},
  doi     = {10.31686/ijier.vol8.iss8.2575},
  journal = {International Journal for Innovation Education and Research},
  number  = {8},
  pages   = {669--692},
  title   = {Personal financial literacy among university students studying engineering},
  volume  = {8},
  year    = {2020},
  file    = {Personal financial literacy among university students studying engineering:M\:/pc/Dokumenter/MSc/Thesis/Bibliography/Mandmaa (2020).pdf:PDF}
}
@article{mansolf:2020,
  author  = {Maxwell Mansolf and Terrence D. Jorgensen and Craig K. Enders},
  doi     = {10.1037/met0000243},
  journal = {Psychological Methods},
  number  = {4},
  pages   = {393--411},
  title   = {A multiple imputation score test for model modification in structural equation models},
  volume  = {25},
  year    = {2020},
  file    = {A multiple imputation score test for model modification in structural equation models:M\:/pc/Dokumenter/MSc/Thesis/Bibliography/Mansolf, Jorgensen & Enders (2020).pdf:PDF}
}
@article{marsh:2004,
  author  = {Herbert W. Marsh and Martin Dowson and James Pietsch and Richard Walker},
  doi     = {10.1037/0022-0663.96.3.518},
  journal = {Journal of Educational Psychology},
  number  = {3},
  pages   = {518--522},
  title   = {Why multicollinearity matters: A reexamination of relations between self-efficacy, self-concept, and achievement.},
  volume  = {96},
  year    = {2004},
  file    = {Why multicollinearity matters\: A reexamination of relations between self-efficacy, self-concept, and achievement:Marsh, Dowson, Pietsch & Walker (2004).pdf:PDF}
}
@article{marsh:2009,
  author  = {Herbert W. Marsh and Oliver Lüdtke and Alexander Robitzsch and Ulrich Trautwein and Tihomir Asparouhov and Bengt Muth{\'{e}}n and Benjamin Nagengast},
  doi     = {10.1080/00273170903333665},
  journal = {Multivariate Behavioral Research},
  number  = {6},
  pages   = {764--802},
  title   = {Doubly-latent models of school contextual effects: Integrating multilevel and structural equation approaches to control measurement and sampling error},
  volume  = {44},
  year    = {2009},
  file    = {Doubly-latent models of school contextual effects\: Integrating multilevel and structural equation approaches to control measurement and sampling error:/home/tony/uio/pc/Dokumenter/MSc/Thesis/Bibliography/Marsh, Ludtke, Robintzsch, Trautwein, Asparouhov, Muthen & Nagengast (2009).pdf:PDF}
}
@article{marsh:2012,
  author  = {Herbert W. Marsh and Oliver L{\"u}dtke and Benjamin Nagengast and Ulrich Trautwein and Alexandre J. S. Morin and Adel S. Abduljabbar and Olaf K{\"o}ller},
  doi     = {10.1080/00461520.2012.670488},
  journal = {Educational Psychologist},
  number  = {2},
  pages   = {106--124},
  title   = {Classroom climate and contextual effects: Conceptual and methodological issues in the evaluation of group-level effects},
  volume  = {47},
  year    = {2012},
  file    = {Classroom climate and contextual effects\: conceptual and methodologic issues in the evaluation of group-level effects:Marsh, Ludtke, Nagengast, Trautwein, Morin, Abduljabbar & Koller (2012).pdf:PDF}
}

@article{marsh:2019,
  author  = {Herbert W. Marsh and Reinhard Pekrun and Philip D. Parker and Kou Murayama and Jiesi Guo and Theresa Dicke and A. Katrin Arens},
  doi     = {10.1037/edu0000281},
  journal = {Journal of Educational Psychology},
  number  = {2},
  pages   = {331--353},
  title   = {The murky distinction between self-concept and self-efficacy: Beware of lurking jingle-jangle fallacies},
  volume  = {111},
  year    = {2019},
  file    = {The murky distinction between sef-concept and self-efficacy\: Beware of lurking Jingle-Jange fallacies:Marsh, Pekrun, Parker, Murayama, Guo, Dicke & Arens (2019).pdf:PDF}
}
@article{matheson:2020,
  author  = {Murdoch N Matheson and Christopher {DeLuca} and Ian A Matheson},
  doi     = {10.1177/2047173420927665},
  journal = {Citizenship, Social and Economics Education},
  pages   = {1--15},
  title   = {An assessment of personal financial literacy teaching and learning in {Ontario} high schools},
  year    = {2020},
  file    = {An assessment of personal financial literacy teaching and learning in Ontario high schools:Matheson, DeLuca & Matheson (2020).pdf:PDF}
}
@article{meng:1992,
  author  = {Xiao-Li Meng and Donald B. Rubin},
  doi     = {10.1093/biomet/79.1.103},
  journal = {Biometrika},
  number  = {1},
  pages   = {103--111},
  title   = {Performing likelihood ratio tests with multiply-imputed data sets},
  volume  = {79},
  year    = {1992},
  file    = {Performing likelihood ratio tests with multiply-imputed data sets:M\:/pc/Dokumenter/MSc/Thesis/Bibliography/Meng & Rubin (1992).pdf:PDF}
}
@article{mitchell:2015,
  author  = {Olivia S. Mitchell and Annamaria Lusardi},
  doi     = {10.3905/jor.2015.3.1.107},
  journal = {Journal of Retirement},
  number  = {1},
  pages   = {107--114},
  title   = {Financial literacy and economic outcomes: Evidence and policy implications},
  volume  = {3},
  year    = {2015},
  file    = {Financial literacy and economic outcomes\: Evidence and policy implications:Mitchell & Lusardi (2015).pdf:PDF}
}
@article{mohammadpour:2013,
  author  = {Ebrahim Mohammadpour},
  doi     = {10.1016/j.lindif.2012.12.005},
  journal = {Learning and Individual Differences},
  pages   = {212--220},
  title   = {A three-level multilevel analysis of {Singaporean} eighth-graders science achievement},
  volume  = {26},
  year    = {2013},
  file    = {A three-level multilevel analysis of Singaporean eighth-graders science achievement:M\:/pc/Dokumenter/MSc/Thesis/Bibliography/Mohammadpour (2013).pdf:PDF}
}
@article{morenoherrero:2018a,
  author  = {Dolores Moreno-Herrero and Manuel Salas-Velasco and Jos{\'{e}} S{\'{a}}nchez-Campillo},
  doi     = {10.1016/j.childyouth.2018.10.042},
  journal = {Children and Youth Services Review},
  pages   = {334--351},
  title   = {Factors that influence the level of financial literacy among young people: The role of parental engagement and students{\textquotesingle} experiences with money matters},
  volume  = {95},
  year    = {2018},
  file    = {Factors that influence the level of financial literacy among young people\: The role of parental engagement and students' experiences with money matters:Moreno-Herrero, Salas-Velasco & Sanchez-Campillo (2018a).pdf:PDF}
}

@article{morenoherrero:2018b,
  author  = {Dolores {Moreno-Herrero} and Manuel {Salas-Velasco} and Jos{\'e} {S{\'a}nchez-Campillo}},
  doi     = {10.1628/fa-2018-0009},
  journal = {{FinanzArchiv: Public Finance Analysis}},
  number  = {3},
  pages   = {293--339},
  title   = {The knowledge and skills that are essential to make financial decisions: First results from {PISA} 2012},
  volume  = {74},
  year    = {2018},
  file    = {The knowledge and skills that are essential to make financial decisiions\: First results from PISA 2012:Moreno-Herrero, Salas-Velasco & Sanchez-Campillo (2018b).pdf:PDF}
}

@article{mountain:2020,
  author  = {Travis P. Mountain and Namhoon Kim and Joyce Serido and Soyeon Shim},
  doi     = {10.1007/s10834-020-09689-6},
  journal = {Journal of Family and Economic Issues},
  pages   = {1--20},
  title   = {Does type of financial learning matter for young adults' objective financial knowledge and financial behaviors? {A} longitudinal and mediation analysis},
  year    = {2020},
  file    = {Does type of financial learning matter for young adults' objective financia knowledge and financia behaviors A longitudinal and mediation analysis:Mountain, Kim, Serido & Shim (2020).pdf:PDF}
}

@book{mplus,
  author    = {Muth{\'e}n, L. K. and Muth{\'e}n, B. O.},
  publisher = {{Muth{\'e}n \& Muth{\'e}n}},
  title     = {\cM \normalfont{(Version 8.5) [Computer software]}},
  year      = {1998--2017},
  url       = {http://www.statmodel.com/}
}

@book{mplus:manual,
  author    = {L. K. Muth{\'e}n and B. O. Muth{\'e}n},
  publisher = {{Muth{\'e}n \& Muth{\'e}n}},
  title     = {\cM {user's guide}},
  year      = {2017},
  url       = {https://www.statmodel.com/download/usersguide/Mplus%20user%20guide%20Ver_7_r6_web.pdf}
}

@article{nielsen:2012,
  author  = {Helena Skyt Nielsen and Beatrice Schindler Rangvid},
  doi     = {10.1186/2193-9039-1-6},
  journal = {{IZA} Journal of Migration},
  number  = {6},
  pages   = {1--23},
  title   = {The impact of parents' years since migration on children's academic achievement},
  volume  = {1},
  year    = {2012},
  file    = {The impact of parents' years since migration on children's academic achievement:/home/tony/uio/pc/Dokumenter/MSc/Thesis/Bibliography/Nielsen & Rangvid (2012).pdf:PDF}
}

@article{norvilitis:2006,
  author  = {Jill M. Norvilitis and Michelle M. Merwin and Timothy M. Osberg and Patricia V. Roehling and Paul Young and Michele M. Kamas},
  doi     = {10.1111/j.0021-9029.2006.00065.x},
  journal = {Journal of Applied Social Psychology},
  number  = {6},
  pages   = {1395--1413},
  title   = {Personality factors, money attitudes, financial knowledge, and credit-card debt in college students},
  volume  = {36},
  year    = {2006},
  file    = {Personality factor, money attitudes, financial knowledge, and credit-card debt in college students:Norvilitis, Merwin, Osberg, Roehling, Young & Kamas (2006).pdf:PDF}
}

@article{norvilitis:2010,
  author  = {Jill M. Norvilitis and Michael G. {MacLean}},
  doi     = {10.1016/j.joep.2009.10.003},
  journal = {Journal of Economic Psychology},
  number  = {1},
  pages   = {55--63},
  title   = {The role of parents in college students' financial behaviors and attitudes},
  volume  = {31},
  year    = {2010},
  file    = {The role of parents in college students' financial behaviors and attitudes:Norvilitis & MacLean (2010).pdf:PDF}
}

@article{nurhasanah:2020,
  author  = {Iffah Nurhasanah and Sri Umi Mintarti Widjaja and Agung Haryono},
  journal = {International Journal of Business, Economics and Law},
  number  = {5},
  pages   = {199--205},
  title   = {Financial literacy of economic education students},
  volume  = {21},
  year    = {2020},
  url     = {https://www.ijbel.com/wp-content/uploads/2020/07/IJBEL21_283.pdf},
  file    = {Financial literacy of economic education students:Nurhasanah, Widjaja & Haryono (2020).pdf:PDF}
}

@article{oberrauch:2019,
  author  = {Luis Oberrauch and Tim Kaiser},
  doi     = {10.1016/j.iree.2019.100172},
  journal = {International Review of Economics Education},
  title   = {Economic competence in early secondary school: Evidence from a large-scale assessment in {Germany}},
  year    = {2019},
  file    = {Economic competence in early secondary school\: Evidence from a large-scale assessment in Germany:Oberrauch & Kaiser (2019).pdf:PDF}
}

@book{oecd:2005,
  author    = {{OECD}},
  publisher = {OECD Publishing},
  title     = {Improving financial literacy: Analysis of issues and policies},
  year      = {2005},
  url       = {https://www.oecd-ilibrary.org/docserver/9789264012578-en.pdf},
  file      = {Improving financial literacy\: Analysis of issues and policies:/home/tony/uio/pc/Dokumenter/MSc/Thesis/Bibliography/OECD (2005).pdf:PDF}
}

@book{oecd:2009,
  author    = {{OECD}},
  publisher = {{OECD Publisher}},
  title     = {Financial education and the crisis: Policy paper and guidance},
  year      = {2009},
  url       = {https://www.oecd.org/finance/financial-education/50264221.pdf},
  file      = {Financial education and the crisis\: Policy paper and guidance:/home/tony/uio/pc/Dokumenter/MSc/Thesis/Bibliography/OECD (2009) Financial education and the crisis.pdf:PDF}
}

@book{oecd:austria,
  author    = {{OECD}},
  publisher = {{OECD Publishing}},
  title     = {Financial literacy in {Austria}: Relevance, evidence and provision},
  year      = {2021},
  url       = {http://www.oecd.org/daf/fin/financial-education/Financial-literacy-in-austria-relevance-evidence-provision.pdf},
  file      = {Financial literacy in Austria\: Relevance, evidence and provision:M\:/pc/Dokumenter/MSc/Thesis/Bibliography/OECD (2021) Austria.pdf:PDF}
}

@article{olivermarquez:2020,
  author  = {Francisco J. Oliver-M{\'a}rquez and Almudena Guarnido-Rueda and Ignacio Amate-Fortes},
  doi     = {10.1007/s10368-020-00482-2},
  journal = {International Economics and Economic Policy},
  pages   = {1--46},
  title   = {Measuring financial knowledge: A macroeconomic perspective},
  year    = {2020},
  file    = {Measuring financial knowledge\: A macroeconomic perspective:Oliver-Marquez Guarnido-Rueda & Amate-Fortes ( 2020).pdf:PDF}
}

@article{opletalova:2015,
  author  = {Alena Opletalov{\'a}},
  doi     = {10.1016/j.sbspro.2015.01.229},
  journal = {Procedia -- Social and Behavioral Sciences},
  pages   = {1176--1184},
  title   = {Financial education and financial literacy in the {Czech} education system},
  volume  = {171},
  year    = {2015},
  file    = {Financia education and financial literacy in the Czech education system:Opletalova (2015).pdf:PDF}
}

@article{ozkale:2020a,
  author  = {Abdullah Ozkale and Emel Ozdemir Erdogan},
  doi     = {10.29329/ijpe.2020.277.18},
  journal = {International Journal of Progressive Education},
  number  = {5},
  pages   = {288--304},
  title   = {A conceptual model for the interaction of mathematical and financial literacies},
  volume  = {16},
  year    = {2020},
  file    = {A conceptual model for the interaction of mathematical and financial literacies:M\:/pc/Dokumenter/MSc/Thesis/Bibliography/Ozkale & Erdogan (2020a).pdf:PDF}
}

@article{ozkale:2020b,
  author  = {Abdullah Ozkale and Emel Ozdemir Erdogan},
  doi     = {10.1080/0020739x.2020.1842526},
  journal = {International Journal of Mathematical Education in Science and Technology},
  pages   = {1--21},
  title   = {An analysis of the interaction between mathematical literacy and financial literacy in {PISA}},
  year    = {2020},
  file    = {An analysis of the interaction between mathematical literacy and financial literacy in PISA:M\:/pc/Dokumenter/MSc/Thesis/Bibliography/Ozkale & Erdogan (2020b).pdf:PDF}
}

@book{page:2020,
  author    = {Patricia M. Page},
  publisher = {{Walden Dissertations and Doctoral Studies Collection}},
  title     = {Parents' perceptions of financial technology to support financial socialization and literacy levels \normalfont{[Doctoral dissertation, Walden University]}},
  year      = {2020},
  url       = {https://scholarworks.waldenu.edu/cgi/viewcontent.cgi?article=10487&context=dissertations},
  file      = {Parents' perceptions of financial technology to support financial socialization and literacy levels:Page (2020).pdf:PDF}
}

@article{paolostella:2020,
  author  = {Gian {Paolo Stella} and Umberto Filotto and Enrico Maria Cervellati},
  doi     = {10.5539/ijbm.v15n2p34},
  journal = {International Journal of Business and Management},
  number  = {2},
  pages   = {34},
  title   = {A Proposal for a New Financial Literacy Questionnaire},
  volume  = {15},
  year    = {2020},
  file    = {A proposal for a new financial literacy questionnaire:M\:/pc/Dokumenter/MSc/Thesis/Bibliography/Paolo Stella, Filotto & Cervellati (2020).pdf:PDF}
}

@article{pesando:2018,
  author  = {Luca Maria Pesando},
  doi     = {10.1080/09645292.2018.1468872},
  journal = {Education Economics},
  number  = {5},
  pages   = {488--515},
  title   = {Does financial literacy increase students' perceived value of schooling?},
  volume  = {26},
  year    = {2018},
  file    = {Does financial literacy increase students perceived value of schooling?:Pesando (2018).pdf:PDF}
}

@article{peugh:2010,
  author  = {James L. Peugh},
  doi     = {10.1016/j.jsp.2009.09.002},
  journal = {Journal of School Psychology},
  number  = {1},
  pages   = {85--112},
  title   = {A practical guide to multilevel modeling},
  volume  = {48},
  year    = {2010},
  file    = {A practical guide to multilevel modeling:M\:/pc/Dokumenter/MSc/Thesis/Bibliography/Peugh (2010).pdf:PDF}
}

@article{pinto:2011,
  author  = {Laura Pinto and Elizabeth Couson},
  journal = {Journal of the Canadian Association for Curriculum Studies},
  number  = {2},
  pages   = {54--85},
  title   = {Social justice and the gender politics of financial literacy education},
  volume  = {9},
  year    = {2011},
  url     = {https://jcacs.journals.yorku.ca/index.php/jcacs/article/download/34299/31544},
  file    = {Social justice and the gender politics of financia literacy education:Pinto & Couson (2011).pdf:PDF}
}

@article{pinto:2012,
  author  = {Laura Elizabeth Pinto},
  doi     = {10.2304/csee.2012.11.3.177},
  journal = {Citizenship, Social and Economics Education},
  number  = {3},
  pages   = {177--188},
  title   = {One size does not fit all: Conceptual concerns and moral imperatives surrounding gender-inclusive financial literacy education},
  volume  = {11},
  year    = {2012},
  file    = {One size does not fit all\: Conceptua concerns and moral imperatives surrounding gender-inclusive financia literac education:Pinto (2012).pdf:PDF}
}

@article{pinto:2013,
  author  = {Laura Elizabeth Pinto},
  doi     = {10.1080/02680939.2012.690163},
  journal = {Journal of Education Policy},
  number  = {1},
  pages   = {95--120},
  title   = {When politics trump evidence: Financial literacy education narratives following the global financial crisis},
  volume  = {28},
  year    = {2013},
  file    = {When politics trump evidence\: Financial literacy education narratives folowing the global financial crisis:Pinto (2013).pdf:PDF}
}

@inbook{PISAframework,
  author    = {{OECD}},
  booktitle = {{PISA} 2018 assessment and analytical framework},
  pages     = {119--164},
  publisher = {{OECD Publishing}},
  title     = {{PISA} 2018 financial literacy framework},
  year      = {2019},
  doi       = {10.1787/a1fad77c-en}
}

@book{PISAspss,
  author    = {{OECD}},
  publisher = {{OECD Publishing}},
  title     = {{PISA} data analysis manual},
  year      = {2009},
  doi       = {10.1787/9789264056275-en},
  edition   = {{SPSS} 2nd ed.}
}

@book{PISAtech,
  author    = {{OECD}},
  publisher = {{OECD Publisher}},
  title     = {{PISA} 2018 technical report},
  year      = {2020},
  url       = {https://www.oecd.org/pisa/data/pisa2018technicalreport/}
}

@book{PISAvol3,
  author    = {{OECD}},
  publisher = {{OECD Publishing}},
  title     = {{PISA} 2018 results: What school life means for students' lives},
  year      = {2019},
  doi       = {10.1787/acd78851-en},
  file      = {PISA 2018 results (vol 3)\: What school life means for students' lives:M\:/pc/Dokumenter/MSc/Thesis/Bibliography/PISAvol3.pdf:PDF}
}

@book{PISAvol4,
  author    = {{OECD}},
  publisher = {{OECD Publishing}},
  title     = {{PISA} 2018 results: Are students smart about money?},
  year      = {2020},
  doi       = {10.1787/48ebd1ba-en},
  file      = {PISA 2018 results (vol 4)\: Are students smart about money?:M\:/pc/Dokumenter/MSc/Thesis/Bibliography/PISAvol4.pdf:PDF}
}

@article{pokropek:2016,
  author  = {Artur Pokropek},
  doi     = {10.1186/s40536-016-0018-2},
  journal = {Large-scale Assessments in Education},
  number  = {4},
  pages   = {1--20},
  title   = {Introduction to instrumental variables and their application to large-scale assessment data},
  volume  = {4},
  year    = {2016},
  file    = {Introduction to instrumental variables and their application to large-scale assessment data:Pokropek (2016).pdf:PDF}
}

@article{potrich:2015,
  author  = {Ani Caroline Grigion Potrich and Kelmara Mendes Vieira and Daniel Arruda Coronel and Reisoli {Bender Filho}},
  doi     = {10.1016/j.jbef.2015.03.002},
  journal = {Journal of Behavioral and Experimental Finance},
  pages   = {1--12},
  title   = {Financial literacy in {Southern Brazil}: Modeling and invariance between genders},
  volume  = {6},
  year    = {2015},
  file    = {Financial literacy in Southern Brazil\: Modeling and invariance between genders:Potrich, Vieira, Coronel & Bender Filho (2015).pdf:PDF}
}

@article{potrich:2016,
  author  = {Ani Caroline Grigion Potrich and Kelmara Mendes Vieira and Wesley Mendes-Da-Silva},
  doi     = {10.1108/mrr-06-2014-0143},
  journal = {Management Research Review},
  number  = {3},
  pages   = {356--376},
  title   = {Development of a financial literacy model for university students},
  volume  = {39},
  year    = {2016},
  url     = {https://www.researchgate.net/profile/Ani_Potrich/publication/292984864_Development_of_a_financial_literacy_model_for_university_students/links/5768006708ae1658e2f8c171/Development-of-a-financial-literacy-model-for-university-students.pdf},
  file    = {Development of a financial literacy model for university students:Potrich, Vieira & Mendes-Da-Silva (2016).pdf:PDF}
}

@article{prasad:2021,
  author  = {Swati Prasad and Ravi Kiran and Rakesh Kumar Sharma},
  doi     = {10.1177/0019466220987023},
  journal = {The Indian Economic Journal},
  pages   = {1--22},
  title   = {Behavioural, socio-economic factors, financial literacy and investment decisions: Are men more rational and women more emotional?},
  year    = {2021},
  file    = {Behavioural, socio-economic factors, financial literacy and investment decisions\: Are men more rational and women more emotional?:M\:/pc/Dokumenter/MSc/Thesis/Bibliography/Prasad, Kiran & Sharma (2021).pdf:PDF}
}

@article{preston:2019,
  author  = {Alison C. Preston and Robert E. Wright},
  doi     = {10.1111/1475-4932.12472},
  journal = {Economic Record},
  number  = {S1},
  pages   = {1--29},
  title   = {Understanding the gender gap in financial literacy: Evidence from {Australia}},
  volume  = {95},
  year    = {2019},
  file    = {Understanding the gender gap in financial literacy\: Evidence from Australia:Preston & Wright (2019).pdf:PDF}
}

@article{quartagno:2019,
  author  = {Matteo Quartagno and Simon Grund and James Carpenter},
  doi     = {10.32614/RJ-2019-028},
  journal = {The R Journal},
  number  = {2},
  pages   = {205},
  title   = {\pk{jomo}: A flexible package for two-level joint modelling multiple imputation},
  volume  = {11},
  year    = {2019},
  file    = {jomo\: A flexible package for two-level joint modelling multiple imputation:M\:/pc/Dokumenter/MSc/Thesis/Bibliography/Quartagno, Grund & Carpenter (2019).pdf:PDF}
}

@article{quintana:2018,
  author  = {Daniel S. Quintana and Donald R. Williams},
  doi     = {10.1186/s12888-018-1761-4},
  journal = {{BMC} Psychiatry},
  number  = {1},
  pages   = {1--8},
  title   = {Bayesian alternatives for common null-hypothesis significance tests in psychiatry: A non-technical guide using {JASP}},
  volume  = {18},
  year    = {2018},
  file    = {Bayesian alternatives for common null-hypothesis significance tests in psychiatry\: A non-technical guide using JASP:M\:/pc/Dokumenter/MSc/Thesis/Bibliography/Quintana & Williams (2018).pdf:PDF}
}

@manual{R,
  title        = {\CR: A language and environment for statistical computing \normalfont{(Version 4.0.5) [Computer software]}},
  author       = {{\cR Core Team}},
  organization = {\cR Foundation for Statistical Computing},
  year         = {2021},
  sortkey      = {R Core Team},
  url          = {https://www.R-project.org/}
}

@techreport{raappana:2021,
  author      = {Anu Raappana and Timo Pihkala and Pirjo Kuru},
  institution = {{LUT} School of Engineering Science},
  title       = {How can {Finnish} ninth graders' perception of their entrepreneurial selves be measured? A report on the building process of a survey instrument},
  year        = {2021},
  type        = {{LUT} Scientific and Expertise Publications 104},
  file        = {How ccan Finnish ninth graders' perception of their entrepreneurial selves be measured? A report on the building process of a survey instrument:M\:/pc/Dokumenter/MSc/Thesis/Bibliography/Raappana, Pihkala & Kuru (2021).pdf:PDF},
  url         = {https://lutpub.lut.fi/bitstream/handle/10024/162319/Report104_Raappana_Pihkala_Kuru.pdf}
}

@article{remund:2010,
  author  = {David L. Remund},
  doi     = {10.1111/j.1745-6606.2010.01169.x},
  journal = {Journal of Consumer Affairs},
  number  = {2},
  pages   = {276--295},
  title   = {Financial literacy explicated: The case for a clearer definition in an increasingly complex economy},
  volume  = {44},
  year    = {2010},
  file    = {Finnacial literacy explicated\: The case for a clearer definition in an increasingly complex economy:Remund (2010).pdf:PDF}
}

@article{rescherigon:2016,
  author  = {Matthieu Resche-Rigon and Ian R. White},
  doi     = {10.1177/0962280216666564},
  journal = {Statistical Methods in Medical Research},
  number  = {6},
  pages   = {1634--1649},
  title   = {Multiple imputation by chained equations for systematically and sporadically missing multilevel data},
  volume  = {27},
  year    = {2018},
  file    = {Multiple imputation by chained equations for systematically and sporadically missing multilevel data:M\:/pc/Dokumenter/MSc/Thesis/Bibliography/Resche-Rigon & White (2018).pdf:PDF}
}

@article{riitsalu:2016,
  author  = {Leonore Riitsalu and Kaire P{\~o}der},
  doi     = {10.1111/ijcs.12291},
  journal = {International Journal of Consumer Studies},
  number  = {6},
  pages   = {722--731},
  title   = {A glimpse of the complexity of factors that influence financial literacy},
  volume  = {40},
  year    = {2016},
  file    = {A glimpse of the complexity of factors that influence financial literacy:Riitsalu & Poder (2016).pdf:PDF}
}

@article{rinaldi:2012,
  author    = {Rinaldi, Emanuela and Todesco, Lorenzo},
  year      = {2012},
  title     = {Financial literacy and money attitudes: Do boys and girls really differ? {A} study among {Italian} preadolescents},
  journal   = {Italian Journal of Sociology of Education},
  volume    = {4},
  number    = {2},
  pages     = {143--165},
  doi       = {10.14658/pupj-ijse-2012-2-9},
  file      = {Financial literacy and money attitudes\: Do boys and girls really differ? A study among Italian preadolescents:Rinaldi & Todesco (2012).pdf:PDF},
  publisher = {Padova University Press}
}

@article{rodriguez:2020,
  author  = {Susana Rodr{\'i}guez and Antonio Valle and Ludmila Martins Gironelli and Estefania Guerrero and Bibiana Regueiro and Iris Est{\'e}vez},
  doi     = {10.1016/j.adolescence.2020.10.001},
  journal = {Journal of Adolescence},
  pages   = {96--105},
  title   = {Performance and well-being of native and immigrant students. Comparative analysis based on {PISA} 2018},
  volume  = {85},
  year    = {2020},
  file    = {Performance and well-being of native and immigrant students. Comparative analysis based on PISA 2018:M\:/pc/Dokumenter/MSc/Thesis/Bibliography/Rodriguez, Valle, Gironelli, Guerrero, Regueiro & Estevez (2020).pdf:PDF}
}

@article{rohatgi:2020,
  author  = {Anubha Rohatgi and Ronny Scherer},
  doi     = {10.1186/s40536-020-00083-0},
  journal = {Large-scale Assessments in Education},
  number  = {4},
  pages   = {1--25},
  title   = {Identifying profiles of students' school climate perceptions using {PISA} 2015 data},
  volume  = {8},
  year    = {2020},
  file    = {Identifying profiles of students' school climate perceptions using PISA 2015 data:Rohatgi & Scherer (2020).pdf:PDF}
}

@article{rosten:2017,
  author  = {Oliver J. Rosten},
  doi     = {10.1140/epjc/s10052-017-5049-5},
  journal = {European Physical Journal C},
  number  = {477},
  pages   = {1--23},
  title   = {On functional representations of the conformal algebra},
  volume  = {77},
  year    = {2017},
  file    = {On functional representations of the conformal algebra:M\:/pc/Dokumenter/MSc/Thesis/Bibliography/Rosten (2017).pdf:PDF}
}

@book{rubin:1987,
  author    = {D. B. Rubin},
  publisher = {John Wiley \& Sons},
  title     = {Multiple imputation for nonresponse in surveys},
  year      = {1987},
  doi       = {10.1002/9780470316696}
}

@techreport{runge:2020,
  author      = {Johnny Runge and Nathan Hudson},
  institution = {{Economic Statistics Centre of Excellence} and {Office for National Statistics}},
  title       = {Public understanding of economics and economic statistics},
  year        = {2020},
  type        = {{ESCoE Occasional Paper 03}},
  file        = {Public understanding of economics and economic statistics:M\:/pc/Dokumenter/MSc/Thesis/Bibliography/Runge & Hudson (2020).pdf:PDF},
  url         = {https://escoe-website.s3.amazonaws.com/wp-content/uploads/2020/11/24191147/ESCoE-OP03-Public-Understanding-of-Economics-and-Economic-Statistics.pdf}
}

@techreport{ruoss:2020,
  author      = {Thomas Ruoss},
  institution = {{The World Savings and Retail Banking Institute} and {The European Savings and Retail Banking Group}},
  title       = {When banking met education: {The International Savings Banks Institute} as a hub for the circulation of economic knowledge in the 20th {Century}},
  year        = {2020},
  type        = {Research Paper 1196},
  file        = {When banking met education\: The International Savings Banks Institute as a hub for the circulation of economic knowledge in the 20th Century:M\:/pc/Dokumenter/MSc/Thesis/Bibliography/Ruoss (2020).pdf:PDF},
  url         = {https://www.wsbi-esbg.org/SiteCollectionDocuments/1196_ESBG_BRO_RESEARCH PAPER.pdf}
}

@inbook{rust:2014,
  author    = {Keith Rust},
  booktitle = {Handbook of international large-sclae assessment: Background, technical issues, and methods of data analysis},
  editor    = {Leslie Rutkowski and Matthias {von Davier} and David Rutkowski},
  pages     = {117--153},
  publisher = {CRC Press},
  title     = {Samping, weighting, and variance estimation in international large-scale assessments},
  year      = {2014},
  doi       = {10.1201/b16061-11}
}

@article{rustomfram:2015,
  author  = {Perveen Rustomfram and Bess Robinson},
  doi     = {10.1080/08963568.2015.977083},
  journal = {Journal of Business \& Finance Librarianship},
  number  = {1-2},
  pages   = {95--115},
  title   = {Online government resources for financial literacy},
  volume  = {20},
  year    = {2015},
  file    = {Online government resources for financial literacy:Rustomfram & Robinson (2015).pdf:PDF}
}

@article{rutkowski:2010,
  author  = {Leslie Rutkowski and Eugenio Gonzalez and Marc Joncas and Matthias {von Davier}},
  doi     = {10.3102/0013189x10363170},
  journal = {Educational Researcher},
  number  = {2},
  pages   = {142--151},
  title   = {International large-scale assessment data: Issues in secondary analysis and reporting},
  volume  = {39},
  year    = {2010},
  file    = {International large-scale assessment data\: Issues in secondary analysis and reporting:M\:/pc/Dokumenter/MSc/Thesis/Bibliography/Rutkowski, Gonzalez, Joncas & von Davier (2010).pdf:PDF}
}

@article{savard:2020a,
  author  = {A. Savard and A. Cavalcante and D. C\u{a}prioar\u{a}},
  journal = {Bulletin of the Transilvania University of Bra\c{s}ov. Series VII: Social Sciences and Law},
  number  = {62},
  pages   = {47--56},
  title   = {The representations of financial education among elementary teachers in {Romania}: Between cognition and citizenship},
  volume  = {13},
  year    = {2020},
  url     = {https://www.ceeol.com/search/viewpdf?id=908309},
  file    = {The representations of financial education among elementary teachers in Romania\: Between cognition and citizenship:Savard, Cavalcante & Caprioara (2020).pdf:PDF}
}

@article{savard:2020b,
  author  = {Annie Savard},
  doi     = {10.1080/03004279.2020.1850826},
  journal = {{Education 3-13}},
  pages   = {1--13},
  title   = {What did they have to say about money and finance? {Grade} 4 students' representations about financial concepts when learning mathematics},
  year    = {2020},
  file    = {What did they have to say about money and finance? Grade 4 students' representations about financial concepts when learning mathematics:M\:/pc/Dokumenter/MSc/Thesis/Bibliography/Savard (2020).pdf:PDF}
}

@article{sawatzki:2020,
  author  = {Carly Sawatzki and Simone Zmood and Aylie Davidson},
  journal = {Australian Mathematics Education Journal},
  number  = {2},
  pages   = {22--27},
  title   = {Using financial modelling to decide ``{Should I} tap into my superannuation?''},
  volume  = {2},
  year    = {2020},
  url     = {https://www.researchgate.net/profile/Aylie_Davidson/publication/343417084_Using_financial_modelling_to_decide_Should_I_tap_into_my_superannuation/links/5f29f5b792851cd302dbff12/Using-financial-modelling-to-decide-Should-I-tap-into-my-superannuation.pdf},
  file    = {Using financial modelling to decide "Should I tap into my superannuation?":Sawatzki, Zmood & Davidson (2020).pdf:PDF}
}

@book{SCHdata,
  author    = {{OECD}},
  publisher = {{OECD Publisher}},
  title     = {School questionnaire data file \normalfont{[Data set]}},
  year      = {2020},
  url       = {https://webfs.oecd.org/pisa2018/SPSS_SCH_QQQ.zip}
}

@article{schmeiser:2013,
  author  = {Maximilian D. Schmeiser and Jason S. Seligman},
  doi     = {10.1111/joca.12010},
  journal = {Journal of Consumer Affairs},
  number  = {2},
  pages   = {243--262},
  title   = {Using the right yardstick: Assessing financial literacy measures by way of financial well-being},
  volume  = {47},
  year    = {2013},
  file    = {Using the right yardstick\: Assessing financia literacy measures by way of financia well-being:/home/tony/uio/pc/Dokumenter/MSc/Thesis/Bibliography/Schmeiser & Seligman (2013).pdf:PDF}
}

@article{schuhen:2014,
  author  = {Michael Schuhen and Susanne Schürkmann},
  doi     = {10.1016/j.iree.2014.07.004},
  journal = {International Review of Economics Education},
  pages   = {1--11},
  title   = {Construct validity of financial literacy},
  volume  = {16},
  year    = {2014},
  file    = {Construct validity of financial literacy:Schuhen & Schurkmann (2014).pdf:PDF}
}

@article{schurkmann:2013,
  author  = {Susanne Sch{\"u}rkmann and Michael Schuhen},
  journal = {Zeitschrift f{\"u}r {\"o}konomische Bildung},
  pages   = {73--89},
  title   = {{Kompetenzmessung im Bereich financial literacy: Ergebnisse zum Umgang mit Online-Rechnern aus der FILS-Studie} \normalfont [{Competence measurement in the area of financial literacy: Results on handling online computers from the FILS study}]},
  volume  = {1},
  year    = {2013},
  url     = {https://zfoeb.de/2013_1/schuerkmann_schuhen.pdf},
  file    = {Competence measurement in the area of financial literacy\: Results on handling online computers from the FILS study:[German] Schurkmann & Schuhen (2013).pdf:PDF}
}

@article{sellar:2013,
  author  = {Sam Sellar and Bob Lingard},
  doi     = {10.1002/berj.3120},
  journal = {British Educational Research Journal},
  number  = {6},
  pages   = {917--936},
  title   = {The {OECD} and the expansion of {PISA}: New global modes of governance in education},
  volume  = {40},
  year    = {2013},
  file    = {The OECD and the expansion of PISA\: New global modes of governance in education:Sellar & Lingard (2014).pdf:PDF}
}

@inbook{serido:2016,
  author    = {Joyce Serido and Veronica Deenanath},
  booktitle = {Handbook of consumer finance research},
  editor    = {J. J. Xiao},
  pages     = {291--300},
  publisher = {Springer},
  title     = {Financial parenting: Promoting financial self-reliance of young consumers},
  year      = {2016},
  doi       = {10.1007/978-3-319-28887-1_24},
  file      = {Financial parenting\: Promoting financial self-reliance of young consumers:Serido & Deenanath (2016).pdf:PDF}
}

@book{shadish:2002,
  author    = {William R. Shadish and Thomas D. Cook and Donald T. Campbell},
  publisher = {Wadsworth Cengage Learning},
  title     = {Experimental and quasi-experimental designs for generalized causal inference},
  year      = {2002}
}

@article{shen:2016,
  author  = {Chung-Hua Shen and Shih-Jie Lin and De-Piao Tang and Yu-Jen Hsiao},
  doi     = {10.1016/j.pacfin.2015.11.002},
  journal = {Pacific-Basin Finance Journal},
  pages   = {46--65},
  title   = {The relationship between financial disputes and financial literacy},
  volume  = {36},
  year    = {2016},
  file    = {The relationship between financial disputes and financial literacy:Shen, Lin, Tang & Hsiao (2016).pdf:PDF}
}

@article{shim:2009,
  author  = {Soyeon Shim and Jing J. Xiao and Bonnie L. Barber and Angela C. Lyons},
  doi     = {10.1016/j.appdev.2009.02.003},
  journal = {Journal of Applied Developmental Psychology},
  number  = {6},
  pages   = {708--723},
  title   = {Pathways to life success: A conceptual model of financial well-being for young adults},
  volume  = {30},
  year    = {2009},
  file    = {Pathways to ife success\: A conceptual model of financial well-being for young adults:Shim, Xiao, Barber & Lyons (2009).pdf:PDF}
}

@article{shim:2010,
  author  = {Soyeon Shim and Bonnie L. Barber and Noel A. Card and Jing Jian Xiao and Joyce Serido},
  doi     = {10.1007/s10964-009-9432-x},
  journal = {Journal of Youth and Adolescence},
  number  = {12},
  pages   = {1457--1470},
  title   = {Financial socialization of first-year college students: The roles of parents, work, and education},
  volume  = {39},
  year    = {2010},
  file    = {Financial socialization of first-year college students\: The roles of parents, work, and education:Shim, Barber, Card, Xiao & Serido (2010).pdf:PDF}
}

@inbook{siegfried:2016,
  author    = {Christin Siegfried},
  booktitle = {Economic competence and financial literacy of young adults},
  editor    = {Eveline Wuttke and J{\"u}rgen Seifried and Stephan Schumann},
  pages     = {211--232},
  publisher = {Verlag Barbara Budrich},
  title     = {The necessity for well-founded teacher education in economics--{Findings} from curriculum analyses},
  year      = {2016},
  doi       = {10.2307/j.ctvbkk29d.13},
  file      = {The necessity for wel-founded teacher education in economics--Findings from curriculum analyses:Siegfried (2016).pdf:PDF}
}

@article{silgoner:2015,
  author  = {Maria Silgoner and Bettina {Greimel-Fuhrmann} and Rosa Weber},
  journal = {Monetary Policy \& the Economy},
  pages   = {35--51},
  title   = {Financial literacy gaps of the {Austrian} population},
  volume  = {Q2},
  year    = {2015},
  url     = {https://www.oenb.at/dam/jcr:a23bbdba-3696-4ed8-a4d5-656bbf09e0e0/mop_2015_q2_analyses02.pdf},
  file    = {Financial literacy gaps of the Austrian population:Silgoner, Greimel-Fuhrmann & Weber (2015).pdf:PDF}
}

@article{skagerlund:2018,
  author  = {Kenny Skagerlund and Th{\'e}r{\`e}se Lind and Camilla Str{\"o}mb{\"a}ck and Gustav Tingh{\"o}g and Daniel V{\"a}stfj{\"a}ll},
  doi     = {10.1016/j.socec.2018.03.004},
  journal = {Journal of Behavioral and Experimental Economics},
  pages   = {18--25},
  title   = {Financial literacy and the role of numeracy--{How} individuals' attitude and affinity with numbers influence financial literacy},
  volume  = {74},
  year    = {2018},
  file    = {Financial literacy and the role of numeracy--How individuals' attitude and affinity with numbers influence financial literacy:Skagerlund, Lind, Stromback, Tinghog & Vastfjall (2018).pdf:PDF}
}

@book{snijders:2012,
  author    = {Tom A. B. Snijders and Roel J. Bosker},
  publisher = {{SAGE}},
  title     = {Multilevel analysis: An introduction to basic and advanced multilevel modeling},
  year      = {2012}
}

@book{soderlund:2020,
  author    = {Arthur S{\"o}derlund and Joakim Eriksson},
  publisher = {Digitala Vetenskapliga Arkivet},
  title     = {Financial literacy \& rational financial decision: A study of university students in {Sweden} \normalfont{[Degree project, Ume{\aa} University]}},
  year      = {2020},
  url       = {https://www.diva-portal.org/smash/get/diva2:1447966/FULLTEXT01.pdf},
  file      = {Financial literacy & rational financial decision\: A study of university students in Sweden:Soderlund & Eriksson (2020).pdf:PDF}
}

@article{sole:2014,
  author  = {Marla A. Sole},
  journal = {Journal of Mathematics Education at Teachers College},
  number  = {2},
  pages   = {55--62},
  title   = {Financial literacy: An essential component of mathematics literacy and numeracy},
  volume  = {5},
  year    = {2014},
  url     = {https://academicworks.cuny.edu/cgi/viewcontent.cgi?article=1011&context=nc_pubs},
  file    = {Financial literac\: An essential component of mathematics literacy and numeracy:Sole (2014).pdf:PDF}
}

@article{spataro:2017,
  author  = {Luca Spataro and Lorenzo Corsini},
  doi     = {10.1628/001522117x14877521353555},
  journal = {{FinanzArchiv: Public Finance Analysis}},
  number  = {2},
  pages   = {135},
  title   = {Endogenous financial literacy, saving, and stock market participation},
  volume  = {73},
  year    = {2017},
  file    = {Endogenous financial literacy, saving and stock market participation:Spataro & Corsini (2017).pdf:PDF}
}

@inproceedings{Sredojevic2020,
  author       = {Sladjana Sredojevi{\'c} and Sophia Ziakou},
  booktitle    = {People in the center of process automation},
  title        = {Reslient digital financial education for youth---{European Money Quiz} project},
  year         = {2020},
  address      = {Belgrade, Serbia},
  organization = {Singidunum University},
  pages        = {131--136},
  doi          = {10.15308/finiz-2020-131-136},
  file         = {Resilient digital financial education for youth---European Money Quiz project:/home/tony/uio/pc/Dokumenter/MSc/Thesis/Bibliography/Sredojevic & Ziakou (2020).pdf:PDF},
  url          = {http://finiz.singidunum.ac.rs/wp-content/uploads/2020/12/finiz-2020-zbornik-radova.pdf#page=142}
}

@inproceedings{stanisavjevic:2018,
  author    = {Milena Stanisavjevi{\'c} and Milica Stojkovi{\'c}},
  booktitle = {Proceedings of the 7th International Scientific Conference Technics and Informatics in Education},
  title     = {Financial literacy of engineering students--{Waiting} for {PISA} 2018 results in {Serbia}},
  year      = {2018},
  pages     = {257--262},
  volume    = {(Session 3: Engineering Education and Practice)},
  file      = {Financial literacy of engineering students--Waiting for PISA 2018 results in Serbia:Stanisavljevic & Stojkovic (2018).pdf:PDF},
  url       = {http://www.ftn.kg.ac.rs/konferencije/tie2018/Radovi TIE 2018/EN/4) Session 3 - Engineering Education and Practice/S301_050.pdf}
}

@article{stolper:2017,
  author  = {Oscar A. Stolper and Andreas Walter},
  doi     = {10.1007/s11573-017-0853-9},
  journal = {Journal of Business Economics},
  number  = {5},
  pages   = {581--643},
  title   = {Financial literacy, financial advice, and financial behavior},
  volume  = {87},
  year    = {2017},
  file    = {Financial literacy, financial advice, and financial behavior:Stolper & Walter (2017).pdf:PDF}
}

@inbook{strahija:2020,
  author    = {Karlo Strahija and Marina Klacmer Calopa and Ivana Dundek Kokotec},
  booktitle = {Economic and social development: Proceedings of the {58th International Scientific Conference on Economic and Social Development Development}},
  editor    = {Laszlo Komlosi and Peter Kelle and Damira Kjukec},
  pages     = {34--43},
  publisher = {Budapest, Hungary, 4--5 September 2020},
  title     = {Research on the financial literacy on capital market among students},
  year      = {2020},
  url       = {https://www.esd-conference.com/upload/book_of_proceedings/Book_of_Proceedings_esdBudapest2020_Online.pdf#page=40},
  file      = {Research on the financial literacy on capital market among students:M\:/pc/Dokumenter/MSc/Thesis/Bibliography/Strahija, Calopa & Kokotec (2020).pdf:PDF}
}

@book{stride:2015,
  author = {C. B. Stride and S. Gardner and N. Catley and F. Thomas},
  title  = {Mplus code for the mediation, moderation, and modeated mediation model templates from {Andrew Hayes}' {PROCESS} analysis examples},
  year   = {2015},
  url    = {http://offbeat.group.shef.ac.uk/FIO/model17.htm}
}

@article{strietholt:2018,
  author  = {Rolf Strietholt and Ronny Scherer},
  doi     = {10.1080/00313831.2016.1258729},
  journal = {Scandinavian Journal of Educational Research},
  number  = {3},
  pages   = {368--385},
  title   = {The contribution of international large-scale assessments to educational research: Combining individual and institutional data sources},
  volume  = {62},
  year    = {2018},
  file    = {The contribution of international large-scale assessments to educational research\: Combining individual and institutional data sources:M\:/pc/Dokumenter/MSc/Thesis/Bibliography/Strietholt & Scherer (2018).pdf:PDF}
}

@article{sun:2012,
  author  = {Letao Sun and Kelly D. Bradley and Kathryn Akers},
  doi     = {10.1080/09500693.2012.708063},
  journal = {International Journal of Science Education},
  number  = {14},
  pages   = {2107--2125},
  title   = {A multilevel modelling approach to investigating factors impacting science achievement for secondary school students: {PISA} {Hong Kong} sample},
  volume  = {34},
  year    = {2012},
  file    = {A multilevel modelling approach to investigating factors impacting science achievement for secondary school students\: PISA Hong Kong sample:M\:/pc/Dokumenter/MSc/Thesis/Bibliography/Sun, Bradley & Akers (2012).pdf:PDF}
}

@techreport{sutter:2020,
  author      = {Matthias Sutter and Michael Weyand and Anna Untertrifaller and Manue Froitzheim},
  institution = {Max Planck Institute for Research on Collective Goods},
  title       = {Financial literacy, risk and time preferences--{Results} from a randomized educational intervention},
  year        = {2020},
  type        = {Discussion Paper 2020/17},
  file        = {Financia literacy, risk and time preferences--Results from a randomized educationa intervention:Sutter, Weyland, Untertrifaller & Froitzheim (2020).pdf:PDF},
  url         = {https://homepage.coll.mpg.de/pdf_dat/2020_17online.pdf}
}

@article{taylor:2013,
  author  = {Sharon M. Taylor and Suzanne Wagland},
  doi     = {10.14453/aabfj.v7i3.5},
  journal = {Australasian Accounting, Business and Finance Journal},
  number  = {3},
  pages   = {69--90},
  title   = {The solution to the financial literacy problem: What is the answer?},
  volume  = {7},
  year    = {2013},
  file    = {The solution to the financial literacy problem\: What is the answer?:Taylor & Wagland (2013).pdf:PDF}
}

@techreport{tchatoka:2020,
  author      = {Firmin Doko Tchatoka and Vanessa Varvaris},
  institution = {School of Economics, University of Adelaide},
  title       = {Neighbourhood, school zoning and the housing market: Evidence from {New South Wales}},
  year        = {2020},
  type        = {Working Paper No. 2020-07},
  file        = {Neighbourhood, school zoning and the housing market\: Evidence from New South Wales:Tchatoka & Varvaris (2020).pdf:PDF},
  url         = {https://media.adelaide.edu.au/economics/papers/doc/wp2020-07.pdf}
}

@article{teenharari:2016,
  author  = {Tali {Te'eni-Harari}},
  doi     = {10.1108/yc-01-2016-00579},
  journal = {Young Consumers},
  number  = {2},
  pages   = {197--208},
  title   = {Financial literacy among children: The role of involvement in saving money},
  volume  = {17},
  year    = {2016},
  file    = {Financial literacy among children\: The role of involvement in saving money:Te'eni-Harari (2016).pdf:PDF}
}

@inbook{tezel:2015,
  author    = {Zeynep Tezel},
  booktitle = {Handbook of research on behavioral finance and investment strategies: Decision making in the financial industry},
  editor    = {Zeynep Copur},
  pages     = {69--92},
  publisher = {IGI Global},
  title     = {Financial education for children and youth},
  year      = {2015},
  doi       = {10.4018/978-1-4666-7484-4.ch005},
  file      = {Financial education for children and youth:Tezel (2015).pdf:PDF}
}

@article{thomas:2018,
  author  = {Ashok Thomas and Luca Spataro},
  doi     = {10.1007/s10834-018-9576-5},
  journal = {Journal of Family and Economic Issues},
  number  = {4},
  pages   = {532--550},
  title   = {Financial literacy, human capital and stock market participation in {Europe}},
  volume  = {39},
  year    = {2018},
  file    = {Financial literacy, human capital and stock market participation in Europe:Thomas & Spataro (2018).pdf:PDF}
}

@book{thomson:2017,
  author    = {Sue Thomson and Lisa {De Bortoli}},
  publisher = {Australian Council for Educational Research},
  title     = {{PISA} 2015: Financial literacy in {Australia}},
  year      = {2017},
  url       = {https://research.acer.edu.au/cgi/viewcontent.cgi?article=1028&context=ozpisa},
  file      = {PISA 2015\: Financial literacy in Australia:Thomson & Bortoli (2017).pdf:PDF}
}

@article{titko:2015a,
  author  = {Jelena Titko and Natalja Lace and Tatjana Polajeva},
  doi     = {10.12775/oec.2015.004},
  journal = {Oeconomia Copernicana},
  number  = {1},
  pages   = {75--98},
  title   = {Financial issues perceived by youth: Preliminary survey for financial literacy evaluation in the {Baltics}},
  volume  = {6},
  year    = {2015},
  file    = {Financial issues perceived by youth\: Preliminary survey for financial literacy evaluation in the Baltics:Titko, Lace & Polajeva (2015a).pdf:PDF}
}

@article{titko:2015b,
  author  = {Jelena Titko and Guna Ciemleja and Natalja Lace},
  doi     = {10.1016/j.sbspro.2015.11.396},
  journal = {Procedia -- Social and Behavioral Sciences},
  pages   = {12--17},
  title   = {Financial literacy of {Latvian} citizens: Preliminary survey results},
  volume  = {213},
  year    = {2015},
  file    = {Financial literacy of Latvian citizens\: Preliminary survey results:Titko, Lace & Polajeva (2015b).pdf:PDF}
}

@article{toosi:2020,
  author  = {Negin R. Toosi and Elyse N. Voegeli and Ana Antolin and Laura G. Babbitt and Drusilla K. Brown},
  doi     = {10.1111/josi.12388},
  journal = {Journal of Social Issues},
  pages   = {1--40},
  title   = {Do Financial Literacy Training and Clarifying Pay Calculations Reduce Abuse at Work?},
  year    = {2020},
  file    = {Do financial literacy training and clarifying pay caculations reduce abuse at work?:Toosi, Voegeli, Antolin, Babbitt & Brown (2020).pdf:PDF}
}

@article{tovkanets:2021,
  author  = {Hanna Tovkanets and Tetiana Kravchenko},
  journal = {Advances in Economics, Business and Management Research},
  pages   = {306--310},
  title   = {Financial education in modern {Ukrainian} society: Tasks and prospects},
  volume  = {170},
  year    = {2021},
  url     = {https://www.atlantis-press.com/article/125954402.pdf},
  file    = {Financial education in modern Ukrainian society\: Tasks and prospects:M\:/pc/Dokumenter/MSc/Thesis/Bibliography/Tovkanets & Kravchenko (2021).pdf:PDF}
}

@article{utkarsh:2020,
  author  = {Bisen Utkarsh and Asheesh Pandey and Arvind Ashta and Eli Spiegelman and Angela Sutan},
  doi     = {10.1111/ijcs.12583},
  journal = {International Journal of Consumer Studies},
  number  = {6},
  pages   = {531--541},
  title   = {Catch them young: Impact of financial socialization, financial literacy and attitude towards money on financial well-being of young adults},
  volume  = {44},
  year    = {2020},
  file    = {Catch them young\: Impact of financial socialization, financialliteracy and attitude towards money on financial well-being ofyoung adults:M\:/pc/Dokumenter/MSc/Thesis/Bibliography/Utkarsh, Pandey, Ashta, Spiegelman & Sutan (2020).pdf:PDF}
}

@inbook{vale:2020,
  author    = {Colleen Vale and Robin Averill and Jennifer Hall and Helen Forgasz and Gilah Leder},
  editor    = {Jennifer Way and Catherine Attard and Judy Anderson and Janette Bobis and Heather {McMaster} and Katherin Cartwright},
  pages     = {177--208},
  publisher = {Springer},
  title     = {Equity, social justice, and ethics},
  year      = {2020},
  booktitle = {Research in mathematics education in {Australasia} 2016--2019},
  doi       = {10.1007/978-981-15-4269-5_8},
  file      = {Equity, social justice, and ethics:Vale, Averill, Hall, Forgasz & Leder (2020).pdf:PDF}
}

@article{vancampenhout:2015,
  author  = {Geert {Van Campenhout}},
  doi     = {10.1111/joca.12064},
  journal = {Journal of Consumer Affairs},
  number  = {1},
  pages   = {186--222},
  title   = {Revaluing the Role of Parents as Financial Socialization Agents in Youth Financial Literacy Programs},
  volume  = {49},
  year    = {2015},
  sortkey = {{Campenhout, Geert Van}},
  file    = {Revaluing the role of parents as financia socialization agents in youth financial literacy programs:van Campenhout (2015).pdf:PDF}
}

@article{vanrooij:2011,
  author  = {Maarten {van Rooij} and Annamaria Lusardi and Rob Alessie},
  doi     = {10.1016/j.jfineco.2011.03.006},
  journal = {Journal of Financial Economics},
  number  = {2},
  pages   = {449--472},
  title   = {Financial literacy and stock market participation},
  volume  = {101},
  year    = {2011},
  sortkey = {{Rooij, Maarten van}},
  file    = {Financial literacy and stock market participation:Van Rooij, Lusardi & Alessie (2011).pdf:PDF}
}

@article{vanwee:2016,
  author  = {Bert {van Wee} and David Banister},
  doi     = {10.1080/01441647.2015.1065456},
  journal = {Transport Reviews},
  number  = {2},
  pages   = {278--288},
  title   = {How to Write a Literature Review Paper?},
  volume  = {36},
  year    = {2016},
  sortkey = {{Wee, Bert van}},
  file    = {How to write a literature review paper?:M\:/pc/Dokumenter/MSc/Thesis/Bibliography/van Wee & Banister (2016).pdf:PDF}
}

@article{vieira:2020,
  author  = {Kelmara Mendez Vieira and Fernando de Jesus {Moreira J{\'u}nior} and Ani Caroine Grigion Potrich},
  doi     = {10.5902/2179460X39864},
  journal = {Ci{\^e}ncia e Natura},
  number  = {e38},
  pages   = {1--34},
  title   = {Measuring financial literacy: Propostition of an instrument based on the item response theory},
  volume  = {42},
  year    = {2020},
  url     = {https://periodicos.ufsm.br/cienciaenatura/article/view/39864},
  file    = {Measuring financial literacy\: Proposition of an instrument based on the item response theory:M\:/pc/Dokumenter/MSc/Thesis/Bibliography/Vieira, Junior & Potrich (2020).pdf:PDF}
}

@inbook{vondavier:2014,
  author    = {Matthias {von Davier}},
  booktitle = {Handbook of international large-scale assessment: Background, technical issues, and methods of data analysis},
  editor    = {Leslie Rutkowski and Matthias {von Davier} and David Rutkowski},
  pages     = {175--201},
  publisher = {CRC Press},
  title     = {Imputing proficiency data under planned missingness in population models},
  year      = {2014},
  doi       = {10.1201/b16061-13},
  sortkey   = {{Davier, Matthias von}}
}

@article{vyvyan:2014,
  author  = {Victoria Vyvyan and Levon Blue and Mark Brimble},
  doi     = {10.14453/aabfj.v8i4.2},
  journal = {Australasian Accounting, Business and Finance Journal},
  number  = {4},
  pages   = {3--22},
  title   = {Factors that Influence Financial Capability and Effectiveness: Exploring Financial Counsellors' Perspectives},
  volume  = {8},
  year    = {2014},
  file    = {Factors that influence financial capability and effectiveness\: Exploring financial counsellors' perspectives:Vyvyan, Blue & Brimble (2014).pdf:PDF}
}

@article{wang:2016,
  author  = {Ming-Te Wang and Jessica L. Degol},
  doi     = {10.1007/s10648-015-9319-1},
  journal = {Educational Psychology Review},
  number  = {2},
  pages   = {315--352},
  title   = {School climate: A review of the construct, measurement, and impact on student outcomes},
  volume  = {28},
  year    = {2016},
  file    = {School climate\: A review of the construct, measurement, and impact on student outcomes:Wang & Degol (2016).pdf:PDF}
}

@article{wang:2020,
  author  = {Hubin Wang and Jinjie Xu},
  doi     = {10.1080/00131857.2020.1794152},
  journal = {Educational Philosophy and Theory},
  pages   = {1--13},
  title   = {Efforts to break the ``score determinism'' and transfer college enrolment from recruiting ``scores'' to ``people'': The exploration and practice of comprehensive quality evaluation of general high school students in {Shanghai}},
  year    = {2020},
  file    = {Efforts to break the "score determinism" and transfer college enrolment from recruiting "scores" to "people"\: The exploration and practice of comprehensive quality evauation of general high schoo students in Shanghai:Wang & Xu (2020).pdf:PDF}
}

@article{warm:1989,
  author  = {Thomas A. Warm},
  doi     = {10.1007/bf02294627},
  journal = {Psychometrika},
  number  = {3},
  pages   = {427--450},
  title   = {Weighted likelihood estimation of ability in item response theory},
  volume  = {54},
  year    = {1989},
  file    = {Weighted likelihood estimation of ability in item response theory:/home/tony/uio/pc/Dokumenter/MSc/Thesis/Bibliography/Warm (1989).pdf:PDF}
}

@inbook{wastad:2016,
  author    = {William B. Walstad and Ashley Tharayil and Jamie Wagner},
  booktitle = {Handbook of consumer finance research},
  editor    = {J. J. Xiao},
  pages     = {131--140},
  publisher = {Springer},
  title     = {Financial literacy and financial education in high school},
  year      = {2016},
  doi       = {10.1007/978-3-319-28887-1_11},
  file      = {Financial literacy and financial education in high school:Walstad, Tharayil & Wagner (2016).pdf:PDF}
}

@conference{west:2020,
  author    = {Tracey West and Laura D. {de Zwaan}},
  booktitle = {American Council of Consumer Interests Conference},
  title     = {Financial socialisation of {Australian} university students: Differences in gender},
  year      = {2020},
  file      = {Financial socialisation of Australian university students\: Differences in gender:M\:/pc/Dokumenter/MSc/Thesis/Bibliography/West & de Zwaan (2020).pdf:PDF},
  url       = {https://research-repository.griffith.edu.au/bitstream/handle/10072/401600/West459321-Published.pdf}
}

@article{white:1982,
  author  = {Halbert White},
  doi     = {10.2307/1912526},
  journal = {Econometrica},
  number  = {1},
  pages   = {1--25},
  title   = {Maximum likelihood estimation of misspecified models},
  volume  = {50},
  year    = {1982},
  file    = {Maximum likelihood estimation of misspecified models:/home/tony/uio/pc/Dokumenter/MSc/Thesis/Bibliography/White (1982).pdf:PDF}
}

@article{whittaker:2012,
  author  = {Tiffany A. Whittaker},
  doi     = {10.1080/00220973.2010.531299},
  journal = {Journal of Experimental Education},
  number  = {1},
  pages   = {26--44},
  title   = {Using the modification index and standardized expected parameter change for model modification},
  volume  = {80},
  year    = {2012},
  file    = {Using the modification index and standardized expected parameter change for model modification:M\:/pc/Dokumenter/MSc/Thesis/Bibliography/Whittaker (2012).pdf:PDF}
}

@article{williams:2020,
  author  = {Peter Williams and Jason K. Morton and Beverly J. Christian},
  doi     = {10.1080/03004279.2020.1851741},
  journal = {{Education 3-13}},
  pages   = {1--14},
  title   = {Enhancing financial literacy in children 5--12 years old using authentic learning within a school market garden programme},
  year    = {2020},
  file    = {Enhancing financial literacy in children 5--12 years old using authentic learning within a school market garden programme:M\:/pc/Dokumenter/MSc/Thesis/Bibliography/Williams, Morton & Christian (2020).pdf:PDF}
}

@article{willis:2008,
  author  = {Lauren E. Willis},
  journal = {Iowa Law Review},
  number  = {1},
  pages   = {197--286},
  title   = {Against financial-literacy education},
  volume  = {94},
  year    = {2008},
  url     = {https://heinonline.org/HOL/PDFsearchable?handle=hein.journals/ilr94&collection=journals&section=7&id=&print=section&sectioncount=1&ext=.pdf&nocover=},
  file    = {Against financial-literacy education:Willis (2008).pdf:PDF}
}

@techreport{worldbank:data,
  author      = {{World Bank}},
  institution = {{The World Bank}},
  title       = {{World Bank DataBank}},
  year        = {2020},
  type        = {Data set},
  url         = {https://databank.worldbank.org/home.aspx}
}

@article{wuttke:2020,
  author  = {Eveline Wuttke and Christin Siegfried and Carmela Aprea},
  doi     = {10.1186/s40461-020-00103-x},
  journal = {Empirical Research in Vocational Education and Training},
  number  = {1},
  pages   = {1--21},
  title   = {Measuring financial literacy with a {Situational Judgement Test}: Do some groups really perform worse or is it the measuring instrument?},
  volume  = {12},
  year    = {2020},
  file    = {Measuring financial literacy with a Situational Judgement Test\: Do some groups really perform worse or is it the measuring instrument?:M\:/pc/Dokumenter/MSc/Thesis/Bibliography/Wuttke, Siegfried & Aprea (2020).pdf:PDF}
}

@article{xiao:2020,
  author  = {Jing Jian Xiao},
  journal = {Research Gate Preprint},
  title   = {Financial literacy in {Asia}: A scoping review},
  year    = {2020},
  url     = {https://www.researchgate.net/profile/Jing_Jian_Xiao/publication/346611442_Financial_Literacy_in_Asia_A_Scoping_Review/links/5fc9616aa6fdcc697bdb798b/Financial-Literacy-in-Asia-A-Scoping-Review.pdf}
}

@article{young:2013,
  author  = {John H. Young},
  journal = {Washington Business Research Journal},
  title   = {Financial literacy: Age and experience as the determinants},
  year    = {2013},
  number  = {1},
  pages   = {36--46},
  volume  = {3},
  file    = {Financial literacy\: Age and experience as the dterminants:Young (2013).pdf:PDF},
  url     = {https://6e33f114-376a-4c6d-b37d-beeda2590165.filesusr.com/ugd/62d798_edc32918d7e54915938abae24ee6bb70.pdf}
}

@article{young:2015,
  author  = {Rebekah Young and David R. Johnson},
  doi     = {10.1111/jomf.12144},
  journal = {Journal of Marriage and Family},
  number  = {1},
  pages   = {277--294},
  title   = {Handling missing values in longitudinal panel data with multiple imputation},
  volume  = {77},
  year    = {2015},
  file    = {Handling missing values in longitudinal panel data with multiple imputation:Young & Johnson (2015).pdf:PDF}
}

@techreport{youshino:2015,
  author      = {Naoyuki Yoshino and Peter J. Morgan and Ganeshan Wignaraja},
  institution = {Asian Development Bank Institute},
  title       = {Financial education in {Asia}: Assessment and recommendations},
  year        = {2015},
  month       = jun,
  type        = {Working Paper Series No. 534},
  file        = {Financial education in Asia\: Assessment and recommendations:Yoshino, Morgan and Wignaraja (2015).pdf:PDF},
  url         = {https://www.adb.org/sites/default/files/publication/161053/adbi-wp534.pdf}
}

@article{zhu:2012,
  author  = {Zhu, Xiaohu},
  journal = {Waiguo zhongxiaoxue jiaoyu},
  pages   = {13--16, 7},
  title   = {Mianxiang weilai de canyu nengli--{PISA} `suyang' gainian de fazhan [{Participating in tomorrow's world--PISA ``literacy'' development}]},
  volume  = {1},
  year    = {2012},
  file    = {Participating in tomorrow's world--Concept development of PISA "literacy":[Chinese] Zhu (2012).pdf:PDF}
}

@article{zhu:2015,
  author  = {Zhu, Xiaohu and Yang, Yudong and Lu, Jing},
  journal = {Bijiao jiaoyu yanjiu},
  number  = {6},
  pages   = {36--42},
  title   = {Shanghai xuesheng de caijing suyang biaoxian ji yingxiang yinsu [{Performance} of {Shanghai} students' financial literacy and the influencing factors]},
  volume  = {305},
  year    = {2015},
  file    = {Performance of Shanghai students' financial literacy and the influencing factors:[Chinese] Zhu, Yang & Lu (2015) [picture].pdf:PDF}
}

@article{zokaityte:2016,
  author  = {Asta Zokaityte},
  doi     = {10.1093/cmlj/kmw014},
  journal = {Capital Markets Law Journal},
  number  = {3},
  pages   = {405--413},
  title   = {Financial literacy and numeracy of consumers and retail investors},
  volume  = {11},
  year    = {2016},
  file    = {Financial literacy and numeracy of consumers and retail investors:Zokaityte (2016).pdf:PDF}
}

@Article{blue:2019,
  author  = {Levon Ellen Blue and Peter Grootenboer},
  doi     = {10.1080/00220272.2019.1650115},
  journal = {Journal of Curriculum Studies},
  number  = {5},
  pages   = {755--770},
  title   = {A praxis approach to financial literacy education},
  volume  = {51},
  year    = {2019},
  file    = {A praxis approach to financial literacy education:/home/tony/uio/pc/Dokumenter/MSc/Thesis/Bibliography/Blue & Grootenboer (2019).pdf:PDF},
}

@InBook{saris:1987,
  author    = {Willem E. Saris and Albert Satorra and Dag S{\"o}rbom},
  booktitle = {Sociological methodology},
  editor    = {Clifford C. Clogg},
  pages     = {105--129},
  publisher = {American Sociological Association},
  title     = {The detection and correction of specification errors in structural equation models},
  year      = {1987},
  doi       = {10.2307/271030},
  file      = {The detection and correction of specification errors in structural equation models:M\:/pc/Dokumenter/MSc/Thesis/Bibliography/Saris, Satorra & Sorbom (1987).pdf:PDF},
}

@Article{kaplan:1989,
  author  = {David Kaplan},
  doi     = {10.1207/s15327906mbr2403_2},
  journal = {Multivariate Behavioral Research},
  number  = {3},
  pages   = {285--305},
  title   = {Model modification in covariance structure analysis: Application of the expected parameter change statistic},
  volume  = {24},
  year    = {1989},
  file    = {Model modification in covariance structure analysis\: Application of the expected parameter change statistic:/home/tony/uio/pc/Dokumenter/MSc/Thesis/Bibliography/Kaplan (1989).pdf:PDF},
}

@Article{chou:1993,
  author  = {Chih-Ping Chou and P.M. Bentler},
  doi     = {10.1207/s15327906mbr2801_6},
  journal = {Multivariate Behavioral Research},
  number  = {1},
  pages   = {97--110},
  title   = {Invariant standardized estimated parameter change for model modification in covariance structure analysis},
  volume  = {28},
  year    = {1993},
  file    = {Invariant standardized estimated parameter change for model modification in covariance structure analysis:M\:/pc/Dokumenter/MSc/Thesis/Bibliography/Chou & Bentler (1993).pdf:PDF},
}

@Article{hamaker_:020,
  author  = {Ellen L. Hamaker and Bengt Muth{\'e}n},
  doi     = {10.1037/met0000239},
  journal = {Psychological Methods},
  number  = {3},
  pages   = {365--379},
  title   = {The fixed versus random effects debate and how it relates to centering in multilevel modeling},
  volume  = {25},
  year    = {2020},
  file    = {The fixed versus random effects debate and how it relates to centering in multilevel modeling:/home/tony/uio/pc/Dokumenter/MSc/Thesis/Bibliography/Hamaker & Muthen (2020).pdf:PDF},
}

@Comment{jabref-meta: databaseType:bibtex;}
